{"data":
{"store":
{"id":"725782447","products":{"total":3500,"from":null,"limit":4000,"searchProvider":"loop54","items":
[
{
"id":"0000040052441",
"ean":"0000040052441",
"name":"Nestlé Kit Kat 41,5g suklaakuorrutteinen vohvelipatukka",
"price":0.65,
"storeId":725782447,
"__typename":"Product",
"approxPrice":false,
"basicQuantityUnit":"KPL",
"comparisonPrice":15.48,
"comparisonUnit":"KGM",
"consumerPackageSize":null,
"consumerPackageUnit":null,
"priceUnit":"KPL",
"quantityMultiplier":1,
"brandName":"Kit Kat",
"slug":"nestle-kit-kat-41-5g-suklaakuorrutteinen-vohvelipatukka","isAgeLimitedByAlcohol":false,"frozen":false,"packagingLabels":[],"packagingLabelCodes":[],
"hierarchyPath":[
  {
    "id":"Herkku_00000333",
    "name":"Suklaapatukat",
    "slug":"makeiset-ja-naposteltavat-1/suklaat/suklaapatukat",
    "__typename":"HierarchyPathItem"
  },
  {"id":"Herkku_00000060","name":"Suklaat","slug":"makeiset-ja-naposteltavat-1/suklaat","__typename":"HierarchyPathItem"},{"id":"Herkku_00000009","name":"Makeiset ja naposteltavat","slug":"makeiset-ja-naposteltavat-1","__typename":"HierarchyPathItem"}],"isGlobalFallback":null,"countryName":{"fi":"Saksa","__typename":"CountryName"}},

{"id":"0000040084107","ean":"0000040084107","name":"Kinder Surprise maitosuklaahahmo maitoisalla sisäpinnalla. sisältää lelun 20g","price":0.89,"storeId":725782447,"__typename":"Product","approxPrice":false,"basicQuantityUnit":"KPL","comparisonPrice":44.5,"comparisonUnit":"KGM","consumerPackageSize":null,"consumerPackageUnit":null,"priceUnit":"KPL","quantityMultiplier":1,"brandName":"Kinder","slug":"kinder-surprise-maitosuklaahahmo-maitoisalla-sisapinnalla-sisaltaa-lelun-20g","isAgeLimitedByAlcohol":false,"frozen":false,"packagingLabels":[],"packagingLabelCodes":[],"hierarchyPath":[{"id":"Herkku_00000339","name":"Suklaamunat ja kuviot","slug":"makeiset-ja-naposteltavat-1/sesonki-ja-lahjamakeiset/suklaamunat-ja-kuviot","__typename":"HierarchyPathItem"},{"id":"Herkku_00000061","name":"Sesonki- ja lahjamakeiset","slug":"makeiset-ja-naposteltavat-1/sesonki-ja-lahjamakeiset","__typename":"HierarchyPathItem"},{"id":"Herkku_00000009","name":"Makeiset ja naposteltavat","slug":"makeiset-ja-naposteltavat-1","__typename":"HierarchyPathItem"}],"isGlobalFallback":null,"countryName":{"fi":"Belgia","__typename":"CountryName"}},{"id":"0000040084176","ean":"0000040084176","name":"Kinder Country Maitosokolaati Müslin kanssa","price":0.55,"storeId":725782447,"__typename":"Product","approxPrice":false,"basicQuantityUnit":"KPL","comparisonPrice":22.92,"comparisonUnit":"KGM","consumerPackageSize":null,"consumerPackageUnit":null,"priceUnit":"KPL","quantityMultiplier":1,"brandName":"Kinder","slug":"kinder-country-maitosokolaati-muslin-kanssa","isAgeLimitedByAlcohol":false,"frozen":false,"packagingLabels":[],"packagingLabelCodes":[],"hierarchyPath":[{"id":"Herkku_00000333","name":"Suklaapatukat","slug":"makeiset-ja-naposteltavat-1/suklaat/suklaapatukat","__typename":"HierarchyPathItem"},{"id":"Herkku_00000060","name":"Suklaat","slug":"makeiset-ja-naposteltavat-1/suklaat","__typename":"HierarchyPathItem"},{"id":"Herkku_00000009","name":"Makeiset ja naposteltavat","slug":"makeiset-ja-naposteltavat-1","__typename":"HierarchyPathItem"}],"isGlobalFallback":null,"countryName":{"fi":"Saksa","__typename":"CountryName"}},{"id":"0000040111216","ean":"0000040111216","name":"Bounty 57g","price":0.79,"storeId":725782447,"__typename":"Product","approxPrice":false,"basicQuantityUnit":"KPL","comparisonPrice":13.86,"comparisonUnit":"KGM","consumerPackageSize":null,"consumerPackageUnit":null,"priceUnit":"KPL","quantityMultiplier":1,"brandName":"Bounty","slug":"bounty-57g","isAgeLimitedByAlcohol":false,"frozen":false,"packagingLabels":[],"packagingLabelCodes":[],"hierarchyPath":[{"id":"Herkku_00000333","name":"Suklaapatukat","slug":"makeiset-ja-naposteltavat-1/suklaat/suklaapatukat","__typename":"HierarchyPathItem"},{"id":"Herkku_00000060","name":"Suklaat","slug":"makeiset-ja-naposteltavat-1/suklaat","__typename":"HierarchyPathItem"},{"id":"Herkku_00000009","name":"Makeiset ja naposteltavat","slug":"makeiset-ja-naposteltavat-1","__typename":"HierarchyPathItem"}],"isGlobalFallback":null,"countryName":{"fi":"Alankomaat","__typename":"CountryName"}},{"id":"0000042005322","ean":"0000042005322","name":"Siripiri rypälesokeripastilli appelsiini 17kpl","price":0.89,"storeId":725782447,"__typename":"Product","approxPrice":false,"basicQuantityUnit":"KPL","comparisonPrice":22.25,"comparisonUnit":"KGM","consumerPackageSize":null,"consumerPackageUnit":null,"priceUnit":"KPL","quantityMultiplier":1,"brandName":"Siripiri","slug":"siripiri-rypalesokeripastilli-appelsiini-17kpl","isAgeLimitedByAlcohol":false,"frozen":false,"packagingLabels":[],"packagingLabelCodes":[],"hierarchyPath":[{"id":"Herkku_00001028","name":"Glukoosivalmisteet","slug":"luontaistuotteet-ja-lisaravinteet-1/erityisvalmisteet/glukoosivalmisteet","__typename":"HierarchyPathItem"},{"id":"Herkku_00000175","name":"Erityisvalmisteet","slug":"luontaistuotteet-ja-lisaravinteet-1/erityisvalmisteet","__typename":"HierarchyPathItem"},{"id":"Herkku_00000016","name":"Luontaistuotteet ja lisäravinteet","slug":"luontaistuotteet-ja-lisaravinteet-1","__typename":"HierarchyPathItem"}],"isGlobalFallback":null,"countryName":{"fi":"Saksa","__typename":"CountryName"}},{"id":"0000042123866","ean":"0000042123866","name":"Hubba Bubba Outrageous Original purukumi 35g","price":0.89,"storeId":725782447,"__typename":"Product","approxPrice":false,"basicQuantityUnit":"KPL","comparisonPrice":25.43,"comparisonUnit":"KGM","consumerPackageSize":null,"consumerPackageUnit":null,"priceUnit":"KPL","quantityMultiplier":1,"brandName":"Hubba Bubba","slug":"hubba-bubba-outrageous-original-purukumi-35g","isAgeLimitedByAlcohol":false,"frozen":false,"packagingLabels":[],"packagingLabelCodes":[],"hierarchyPath":[{"id":"Herkku_00000330","name":"Purukumipakkaukset","slug":"makeiset-ja-naposteltavat-1/purukumit/purukumipakkaukset","__typename":"HierarchyPathItem"},{"id":"Herkku_00000059","name":"Purukumit","slug":"makeiset-ja-naposteltavat-1/purukumit","__typename":"HierarchyPathItem"},{"id":"Herkku_00000009","name":"Makeiset ja naposteltavat","slug":"makeiset-ja-naposteltavat-1","__typename":"HierarchyPathItem"}],"isGlobalFallback":null,"countryName":{"fi":"Iso-Britannia","__typename":"CountryName"}},{"id":"0000042349457","ean":"0000042349457","name":"NIVEA MEN 50ml Dry Impact Deo Roll-on -antiperspirantti","price":3.35,"storeId":725782447,"__typename":"Product","approxPrice":false,"basicQuantityUnit":"KPL","comparisonPrice":67,"comparisonUnit":"LTR","consumerPackageSize":null,"consumerPackageUnit":null,"priceUnit":"KPL","quantityMultiplier":1,"brandName":"NIVEA Men","slug":"nivea-men-50ml-dry-impact-deo-roll-on-antiperspirantti","isAgeLimitedByAlcohol":false,"frozen":false,"packagingLabels":[],"packagingLabelCodes":[],"hierarchyPath":[{"id":"1591691233467959","name":"Miesten deodorantit","slug":"kosmetiikka-ja-hygienia/deodorantit-ja-tuoksut/miesten-deodorantit","__typename":"HierarchyPathItem"},{"id":"1591691233467944","name":"Deodorantit ja tuoksut","slug":"kosmetiikka-ja-hygienia/deodorantit-ja-tuoksut","__typename":"HierarchyPathItem"},{"id":"1591691233334707","name":"Kosmetiikka ja hygienia","slug":"kosmetiikka-ja-hygienia","__typename":"HierarchyPathItem"}],"isGlobalFallback":null,"countryName":{"fi":"Saksa","__typename":"CountryName"}},{"id":"0000050097029","ean":"0000050097029","name":"Rexona Roll-on Quantum 50ml","price":2.98,"storeId":725782447,"__typename":"Product","approxPrice":false,"basicQuantityUnit":"KPL","comparisonPrice":59.6,"comparisonUnit":"LTR","consumerPackageSize":null,"consumerPackageUnit":null,"priceUnit":"KPL","quantityMultiplier":1,"brandName":"Rexona","slug":"rexona-roll-on-quantum-50ml","isAgeLimitedByAlcohol":false,"frozen":false,"packagingLabels":[],"packagingLabelCodes":[],"hierarchyPath":[{"id":"1591691233467959","name":"Miesten deodorantit","slug":"kosmetiikka-ja-hygienia/deodorantit-ja-tuoksut/miesten-deodorantit","__typename":"HierarchyPathItem"},{"id":"1591691233467944","name":"Deodorantit ja tuoksut","slug":"kosmetiikka-ja-hygienia/deodorantit-ja-tuoksut","__typename":"HierarchyPathItem"},{"id":"1591691233334707","name":"Kosmetiikka ja hygienia","slug":"kosmetiikka-ja-hygienia","__typename":"HierarchyPathItem"}],"isGlobalFallback":null,"countryName":{"fi":"Iso-Britannia","__typename":"CountryName"}},{"id":"0000050097838","ean":"0000050097838","name":"Rexona Aloe Vera Antiperspirantti Deodorantti Roll-on 48 h suoja Hikoilua vastaan 50 ml","price":2.98,"storeId":725782447,"__typename":"Product","approxPrice":false,"basicQuantityUnit":"KPL","comparisonPrice":59.6,"comparisonUnit":"LTR","consumerPackageSize":null,"consumerPackageUnit":null,"priceUnit":"KPL","quantityMultiplier":1,"brandName":"Rexona","slug":"rexona-aloe-vera-antiperspirantti-deodorantti-roll-on-48-h-suoja-hikoilua-vastaan-50-ml","isAgeLimitedByAlcohol":false,"frozen":false,"packagingLabels":[],"packagingLabelCodes":[],"hierarchyPath":[{"id":"1591691233467953","name":"Naisten deodorantit","slug":"kosmetiikka-ja-hygienia/deodorantit-ja-tuoksut/naisten-deodorantit","__typename":"HierarchyPathItem"},{"id":"1591691233467944","name":"Deodorantit ja tuoksut","slug":"kosmetiikka-ja-hygienia/deodorantit-ja-tuoksut","__typename":"HierarchyPathItem"},{"id":"1591691233334707","name":"Kosmetiikka ja hygienia","slug":"kosmetiikka-ja-hygienia","__typename":"HierarchyPathItem"}],"isGlobalFallback":null,"countryName":{"fi":"Iso-Britannia","__typename":"CountryName"}},{"id":"0000050173167","ean":"0000050173167","name":"Airwaves Menthol&Eucalyptus purukumi 14g","price":0.99,"storeId":725782447,"__typename":"Product","approxPrice":false,"basicQuantityUnit":"KPL","comparisonPrice":70.71,"comparisonUnit":"KGM","consumerPackageSize":null,"consumerPackageUnit":null,"priceUnit":"KPL","quantityMultiplier":1,"brandName":"Airwaves","slug":"airwaves-mentholandeucalyptus-purukumi-14g","isAgeLimitedByAlcohol":false,"frozen":false,"packagingLabels":[],"packagingLabelCodes":[],"hierarchyPath":[{"id":"Herkku_00000330","name":"Purukumipakkaukset","slug":"makeiset-ja-naposteltavat-1/purukumit/purukumipakkaukset","__typename":"HierarchyPathItem"},{"id":"Herkku_00000059","name":"Purukumit","slug":"makeiset-ja-naposteltavat-1/purukumit","__typename":"HierarchyPathItem"},{"id":"Herkku_00000009","name":"Makeiset ja naposteltavat","slug":"makeiset-ja-naposteltavat-1","__typename":"HierarchyPathItem"}],"isGlobalFallback":null,"countryName":{"fi":"Puola","__typename":"CountryName"}},{"id":"0000050562343","ean":"0000050562343","name":"Gourmet 85g Gold Lohi Mousse kissanruoka","price":0.84,"storeId":725782447,"__typename":"Product","approxPrice":false,"basicQuantityUnit":"KPL","comparisonPrice":9.88,"comparisonUnit":"KGM","consumerPackageSize":null,"consumerPackageUnit":null,"priceUnit":"KPL","quantityMultiplier":1,"brandName":"Gourmet Gold","slug":"gourmet-85g-gold-lohi-mousse-kissanruoka","isAgeLimitedByAlcohol":false,"frozen":false,"packagingLabels":[],"packagingLabelCodes":[],"hierarchyPath":[{"id":"Herkku_00000533","name":"Kissan kostea ruoka","slug":"lemmikit-1/kissanruoat/kissan-kostea-ruoka","__typename":"HierarchyPathItem"},{"id":"Herkku_00000101","name":"Kissanruoat","slug":"lemmikit-1/kissanruoat","__typename":"HierarchyPathItem"},{"id":"Herkku_00000012","name":"Lemmikit","slug":"lemmikit-1","__typename":"HierarchyPathItem"}],"isGlobalFallback":null,"countryName":{"fi":"Ranska","__typename":"CountryName"}},{"id":"0000050819058","ean":"0000050819058","name":"Fisherman´s Friend 25 g Original pastilli","price":1.09,"storeId":725782447,"__typename":"Product","approxPrice":false,"basicQuantityUnit":"KPL","comparisonPrice":43.6,"comparisonUnit":"KGM","consumerPackageSize":null,"consumerPackageUnit":null,"priceUnit":"KPL","quantityMultiplier":1,"brandName":"Fisherman's Friend","slug":"fishermans-friend-25-g-original-pastilli","isAgeLimitedByAlcohol":false,"frozen":false,"packagingLabels":[],"packagingLabelCodes":[],"hierarchyPath":[{"id":"Herkku_00000329","name":"Muut pastillit","slug":"makeiset-ja-naposteltavat-1/pastillit/muut-pastillit","__typename":"HierarchyPathItem"},{"id":"Herkku_00000058","name":"Pastillit","slug":"makeiset-ja-naposteltavat-1/pastillit","__typename":"HierarchyPathItem"},{"id":"Herkku_00000009","name":"Makeiset ja naposteltavat","slug":"makeiset-ja-naposteltavat-1","__typename":"HierarchyPathItem"}],"isGlobalFallback":null,"countryName":{"fi":"Iso-Britannia","__typename":"CountryName"}},{"id":"0000057402048","ean":"0000057402048","name":"BonBon Rotan Rykäisyt Mix tikkukaramellisekoitus 13g","price":0.25,"storeId":725782447,"__typename":"Product","approxPrice":false,"basicQuantityUnit":"KPL","comparisonPrice":19.23,"comparisonUnit":"KGM","consumerPackageSize":null,"consumerPackageUnit":null,"priceUnit":"KPL","quantityMultiplier":1,"brandName":"Bon Bon","slug":"bonbon-rotan-rykaisyt-mix-tikkukaramellisekoitus-13g","isAgeLimitedByAlcohol":false,"frozen":false,"packagingLabels":[],"packagingLabelCodes":[],"hierarchyPath":[{"id":"Herkku_00000321","name":"Tikkarit","slug":"makeiset-ja-naposteltavat-1/muut-makeiset/tikkarit","__typename":"HierarchyPathItem"},{"id":"Herkku_00000057","name":"Muut makeiset","slug":"makeiset-ja-naposteltavat-1/muut-makeiset","__typename":"HierarchyPathItem"},{"id":"Herkku_00000009","name":"Makeiset ja naposteltavat","slug":"makeiset-ja-naposteltavat-1","__typename":"HierarchyPathItem"}],"isGlobalFallback":null,"countryName":{"fi":"Puola","__typename":"CountryName"}},{"id":"0000064002316","ean":"0000064002316","name":"Turun Sinappia Mieto Sinappi Valmistettu Suomessa 125 g","price":1.39,"storeId":725782447,"__typename":"Product","approxPrice":false,"basicQuantityUnit":"KPL","comparisonPrice":11.12,"comparisonUnit":"KGM","consumerPackageSize":null,"consumerPackageUnit":null,"priceUnit":"KPL","quantityMultiplier":1,"brandName":"Turun Sinappi","slug":"turun-sinappia-mieto-sinappi-valmistettu-suomessa-125-g","isAgeLimitedByAlcohol":false,"frozen":false,"packagingLabels":["Avainlippu"],"packagingLabelCodes":["MADE_IN_FINLAND_FLAG_WITH_KEY"],"hierarchyPath":[{"id":"Herkku_00000424","name":"Sinapit","slug":"oljyt-mausteet-maustaminen-1/ketsupit-ja-sinapit/sinapit","__typename":"HierarchyPathItem"},{"id":"Herkku_00000077","name":"Ketsupit ja sinapit","slug":"oljyt-mausteet-maustaminen-1/ketsupit-ja-sinapit","__typename":"HierarchyPathItem"},{"id":"Herkku_00000011","name":"Öljyt, mausteet, maustaminen","slug":"oljyt-mausteet-maustaminen-1","__typename":"HierarchyPathItem"}],"isGlobalFallback":null,"countryName":{"fi":"Suomi","__typename":"CountryName"}},{"id":"0000064002323","ean":"0000064002323","name":"Turun Sinappia Väkevä Sinappi 125 g","price":1.39,"storeId":725782447,"__typename":"Product","approxPrice":false,"basicQuantityUnit":"KPL","comparisonPrice":11.12,"comparisonUnit":"KGM","consumerPackageSize":null,"consumerPackageUnit":null,"priceUnit":"KPL","quantityMultiplier":1,"brandName":"Turun Sinappi","slug":"turun-sinappia-vakeva-sinappi-125-g","isAgeLimitedByAlcohol":false,"frozen":false,"packagingLabels":["Avainlippu"],"packagingLabelCodes":["MADE_IN_FINLAND_FLAG_WITH_KEY"],"hierarchyPath":[{"id":"Herkku_00000424","name":"Sinapit","slug":"oljyt-mausteet-maustaminen-1/ketsupit-ja-sinapit/sinapit","__typename":"HierarchyPathItem"},{"id":"Herkku_00000077","name":"Ketsupit ja sinapit","slug":"oljyt-mausteet-maustaminen-1/ketsupit-ja-sinapit","__typename":"HierarchyPathItem"},{"id":"Herkku_00000011","name":"Öljyt, mausteet, maustaminen","slug":"oljyt-mausteet-maustaminen-1","__typename":"HierarchyPathItem"}],"isGlobalFallback":null,"countryName":{"fi":"Suomi","__typename":"CountryName"}},{"id":"0000064008899","ean":"0000064008899","name":"Tuorehiiva 50g leivinhiiva","price":0.3,"storeId":725782447,"__typename":"Product","approxPrice":false,"basicQuantityUnit":"KPL","comparisonPrice":6,"comparisonUnit":"KGM","consumerPackageSize":null,"consumerPackageUnit":null,"priceUnit":"KPL","quantityMultiplier":1,"brandName":"Suomen Hiiva","slug":"tuorehiiva-50g-leivinhiiva","isAgeLimitedByAlcohol":false,"frozen":false,"packagingLabels":["Hyvää Suomesta (Sininen Joutsen)"],"packagingLabelCodes":["GOODS_FROM_FINLAND_BLUE_SWAN"],"hierarchyPath":[{"id":"Herkku_00000709","name":"Hiivat","slug":"maito-munat-ja-rasvat-0/ruoanvalmistustuotteet/hiivat","__typename":"HierarchyPathItem"},{"id":"Herkku_00000124","name":"Ruoanvalmistustuotteet","slug":"maito-munat-ja-rasvat-0/ruoanvalmistustuotteet","__typename":"HierarchyPathItem"},{"id":"Herkku_00000006","name":"Maito, munat ja rasvat","slug":"maito-munat-ja-rasvat-0","__typename":"HierarchyPathItem"}],"isGlobalFallback":null,"countryName":{"fi":"Suomi","__typename":"CountryName"}},{"id":"0000064016627","ean":"0000064016627","name":"Malaco Sukulaku lakritsipatukka 14g","price":0.35,"storeId":725782447,"__typename":"Product","approxPrice":false,"basicQuantityUnit":"KPL","comparisonPrice":25,"comparisonUnit":"KGM","consumerPackageSize":null,"consumerPackageUnit":null,"priceUnit":"KPL","quantityMultiplier":1,"brandName":"Malaco","slug":"malaco-sukulaku-lakritsipatukka-14g","isAgeLimitedByAlcohol":false,"frozen":false,"packagingLabels":[],"packagingLabelCodes":[],"hierarchyPath":[{"id":"Herkku_00000318","name":"Lakritsi","slug":"makeiset-ja-naposteltavat-1/muut-makeiset/lakritsi","__typename":"HierarchyPathItem"},{"id":"Herkku_00000057","name":"Muut makeiset","slug":"makeiset-ja-naposteltavat-1/muut-makeiset","__typename":"HierarchyPathItem"},{"id":"Herkku_00000009","name":"Makeiset ja naposteltavat","slug":"makeiset-ja-naposteltavat-1","__typename":"HierarchyPathItem"}],"isGlobalFallback":null,"countryName":{"fi":"Slovakia","__typename":"CountryName"}},{"id":"0000064016634","ean":"0000064016634","name":"Malaco BisBis lakritsipatukka 14g","price":0.35,"storeId":725782447,"__typename":"Product","approxPrice":false,"basicQuantityUnit":"KPL","comparisonPrice":25,"comparisonUnit":"KGM","consumerPackageSize":null,"consumerPackageUnit":null,"priceUnit":"KPL","quantityMultiplier":1,"brandName":"Malaco","slug":"malaco-bisbis-lakritsipatukka-14g","isAgeLimitedByAlcohol":false,"frozen":false,"packagingLabels":[],"packagingLabelCodes":[],"hierarchyPath":[{"id":"Herkku_00000318","name":"Lakritsi","slug":"makeiset-ja-naposteltavat-1/muut-makeiset/lakritsi","__typename":"HierarchyPathItem"},{"id":"Herkku_00000057","name":"Muut makeiset","slug":"makeiset-ja-naposteltavat-1/muut-makeiset","__typename":"HierarchyPathItem"},{"id":"Herkku_00000009","name":"Makeiset ja naposteltavat","slug":"makeiset-ja-naposteltavat-1","__typename":"HierarchyPathItem"}],"isGlobalFallback":null,"countryName":{"fi":"Slovakia","__typename":"CountryName"}},{"id":"0000064016641","ean":"0000064016641","name":"Malaco MintMint lakritsipatukka 14g","price":0.35,"storeId":725782447,"__typename":"Product","approxPrice":false,"basicQuantityUnit":"KPL","comparisonPrice":25,"comparisonUnit":"KGM","consumerPackageSize":null,"consumerPackageUnit":null,"priceUnit":"KPL","quantityMultiplier":1,"brandName":"Malaco","slug":"malaco-mintmint-lakritsipatukka-14g","isAgeLimitedByAlcohol":false,"frozen":false,"packagingLabels":[],"packagingLabelCodes":[],"hierarchyPath":[{"id":"Herkku_00000318","name":"Lakritsi","slug":"makeiset-ja-naposteltavat-1/muut-makeiset/lakritsi","__typename":"HierarchyPathItem"},{"id":"Herkku_00000057","name":"Muut makeiset","slug":"makeiset-ja-naposteltavat-1/muut-makeiset","__typename":"HierarchyPathItem"},{"id":"Herkku_00000009","name":"Makeiset ja naposteltavat","slug":"makeiset-ja-naposteltavat-1","__typename":"HierarchyPathItem"}],"isGlobalFallback":null,"countryName":{"fi":"Slovakia","__typename":"CountryName"}},{"id":"0000064019697","ean":"0000064019697","name":"Panda Ahaa suklaapatukka 18g","price":0.38,"storeId":725782447,"__typename":"Product","approxPrice":false,"basicQuantityUnit":"KPL","comparisonPrice":21.11,"comparisonUnit":"KGM","consumerPackageSize":null,"consumerPackageUnit":null,"priceUnit":"KPL","quantityMultiplier":1,"brandName":"Panda","slug":"panda-ahaa-suklaapatukka-18g","isAgeLimitedByAlcohol":false,"frozen":false,"packagingLabels":["Rainforest alliance certified (Sammakko-merkki)"],"packagingLabelCodes":["RAINFOREST_ALLIANCE"],"hierarchyPath":[{"id":"Herkku_00000333","name":"Suklaapatukat","slug":"makeiset-ja-naposteltavat-1/suklaat/suklaapatukat","__typename":"HierarchyPathItem"},{"id":"Herkku_00000060","name":"Suklaat","slug":"makeiset-ja-naposteltavat-1/suklaat","__typename":"HierarchyPathItem"},{"id":"Herkku_00000009","name":"Makeiset ja naposteltavat","slug":"makeiset-ja-naposteltavat-1","__typename":"HierarchyPathItem"}],"isGlobalFallback":null,"countryName":{"fi":"Suomi","__typename":"CountryName"}},{"id":"0000064025131","ean":"0000064025131","name":"Mynthon ZipMint Menthol pastilli 30g","price":1.95,"storeId":725782447,"__typename":"Product","approxPrice":false,"basicQuantityUnit":"KPL","comparisonPrice":65,"comparisonUnit":"KGM","consumerPackageSize":null,"consumerPackageUnit":null,"priceUnit":"KPL","quantityMultiplier":1,"brandName":"Mynthon","slug":"mynthon-zipmint-menthol-pastilli-30g","isAgeLimitedByAlcohol":false,"frozen":false,"packagingLabels":[],"packagingLabelCodes":[],"hierarchyPath":[{"id":"Herkku_00000329","name":"Muut pastillit","slug":"makeiset-ja-naposteltavat-1/pastillit/muut-pastillit","__typename":"HierarchyPathItem"},{"id":"Herkku_00000058","name":"Pastillit","slug":"makeiset-ja-naposteltavat-1/pastillit","__typename":"HierarchyPathItem"},{"id":"Herkku_00000009","name":"Makeiset ja naposteltavat","slug":"makeiset-ja-naposteltavat-1","__typename":"HierarchyPathItem"}],"isGlobalFallback":null,"countryName":{"fi":"Alankomaat","__typename":"CountryName"}},{"id":"0000064025148","ean":"0000064025148","name":"Hopeatoffee toffee 14g","price":0.45,"storeId":725782447,"__typename":"Product","approxPrice":false,"basicQuantityUnit":"KPL","comparisonPrice":32.14,"comparisonUnit":"KGM","consumerPackageSize":null,"consumerPackageUnit":null,"priceUnit":"KPL","quantityMultiplier":1,"brandName":"Cloetta","slug":"hopeatoffee-toffee-14g","isAgeLimitedByAlcohol":false,"frozen":false,"packagingLabels":[],"packagingLabelCodes":[],"hierarchyPath":[{"id":"Herkku_00000346","name":"Toffeemakeiset","slug":"makeiset-ja-naposteltavat-1/muut-makeiset/toffeemakeiset","__typename":"HierarchyPathItem"},{"id":"Herkku_00000057","name":"Muut makeiset","slug":"makeiset-ja-naposteltavat-1/muut-makeiset","__typename":"HierarchyPathItem"},{"id":"Herkku_00000009","name":"Makeiset ja naposteltavat","slug":"makeiset-ja-naposteltavat-1","__typename":"HierarchyPathItem"}],"isGlobalFallback":null,"countryName":{"fi":"Italia","__typename":"CountryName"}},{"id":"0000064027142","ean":"0000064027142","name":"Jacky Makupala kinuskivanukas 120g","price":0.63,"storeId":725782447,"__typename":"Product","approxPrice":false,"basicQuantityUnit":"KPL","comparisonPrice":5.25,"comparisonUnit":"KGM","consumerPackageSize":null,"consumerPackageUnit":null,"priceUnit":"KPL","quantityMultiplier":1,"brandName":"Jacky","slug":"jacky-makupala-kinuskivanukas-120g","isAgeLimitedByAlcohol":false,"frozen":false,"packagingLabels":[],"packagingLabelCodes":[],"hierarchyPath":[{"id":"Herkku_00000625","name":"Vanukkaat","slug":"maito-munat-ja-rasvat-0/rahkat-vanukkaat-ja-jalkiruoka/vanukkaat","__typename":"HierarchyPathItem"},{"id":"Herkku_00000115","name":"Rahkat, vanukkaat ja jälkiruoka","slug":"maito-munat-ja-rasvat-0/rahkat-vanukkaat-ja-jalkiruoka","__typename":"HierarchyPathItem"},{"id":"Herkku_00000006","name":"Maito, munat ja rasvat","slug":"maito-munat-ja-rasvat-0","__typename":"HierarchyPathItem"}],"isGlobalFallback":null,"countryName":{"fi":"Ruotsi","__typename":"CountryName"}},{"id":"0000064027173","ean":"0000064027173","name":"Jacky Makupala maitosuklaavanukas 120g","price":0.63,"storeId":725782447,"__typename":"Product","approxPrice":false,"basicQuantityUnit":"KPL","comparisonPrice":5.25,"comparisonUnit":"KGM","consumerPackageSize":null,"consumerPackageUnit":null,"priceUnit":"KPL","quantityMultiplier":1,"brandName":"Jacky","slug":"jacky-makupala-maitosuklaavanukas-120g","isAgeLimitedByAlcohol":false,"frozen":false,"packagingLabels":["Rainforest alliance certified (Sammakko-merkki)"],"packagingLabelCodes":["RAINFOREST_ALLIANCE"],"hierarchyPath":[{"id":"Herkku_00000625","name":"Vanukkaat","slug":"maito-munat-ja-rasvat-0/rahkat-vanukkaat-ja-jalkiruoka/vanukkaat","__typename":"HierarchyPathItem"},{"id":"Herkku_00000115","name":"Rahkat, vanukkaat ja jälkiruoka","slug":"maito-munat-ja-rasvat-0/rahkat-vanukkaat-ja-jalkiruoka","__typename":"HierarchyPathItem"},{"id":"Herkku_00000006","name":"Maito, munat ja rasvat","slug":"maito-munat-ja-rasvat-0","__typename":"HierarchyPathItem"}],"isGlobalFallback":null,"countryName":{"fi":"Ruotsi","__typename":"CountryName"}},{"id":"0000064028538","ean":"0000064028538","name":"Mynthon ZipMint Salmiakki pastilli 30g","price":1.95,"storeId":725782447,"__typename":"Product","approxPrice":false,"basicQuantityUnit":"KPL","comparisonPrice":65,"comparisonUnit":"KGM","consumerPackageSize":null,"consumerPackageUnit":null,"priceUnit":"KPL","quantityMultiplier":1,"brandName":"Mynthon","slug":"mynthon-zipmint-salmiakki-pastilli-30g","isAgeLimitedByAlcohol":false,"frozen":false,"packagingLabels":[],"packagingLabelCodes":[],"hierarchyPath":[{"id":"Herkku_00000329","name":"Muut pastillit","slug":"makeiset-ja-naposteltavat-1/pastillit/muut-pastillit","__typename":"HierarchyPathItem"},{"id":"Herkku_00000058","name":"Pastillit","slug":"makeiset-ja-naposteltavat-1/pastillit","__typename":"HierarchyPathItem"},{"id":"Herkku_00000009","name":"Makeiset ja naposteltavat","slug":"makeiset-ja-naposteltavat-1","__typename":"HierarchyPathItem"}],"isGlobalFallback":null,"countryName":{"fi":"Alankomaat","__typename":"CountryName"}},{"id":"0000064028590","ean":"0000064028590","name":"Malaco PusPus lakritsipatukka 14g","price":0.35,"storeId":725782447,"__typename":"Product","approxPrice":false,"basicQuantityUnit":"KPL","comparisonPrice":25,"comparisonUnit":"KGM","consumerPackageSize":null,"consumerPackageUnit":null,"priceUnit":"KPL","quantityMultiplier":1,"brandName":"Malaco","slug":"malaco-puspus-lakritsipatukka-14g","isAgeLimitedByAlcohol":false,"frozen":false,"packagingLabels":[],"packagingLabelCodes":[],"hierarchyPath":[{"id":"Herkku_00000318","name":"Lakritsi","slug":"makeiset-ja-naposteltavat-1/muut-makeiset/lakritsi","__typename":"HierarchyPathItem"},{"id":"Herkku_00000057","name":"Muut makeiset","slug":"makeiset-ja-naposteltavat-1/muut-makeiset","__typename":"HierarchyPathItem"},{"id":"Herkku_00000009","name":"Makeiset ja naposteltavat","slug":"makeiset-ja-naposteltavat-1","__typename":"HierarchyPathItem"}],"isGlobalFallback":null,"countryName":{"fi":"Slovakia","__typename":"CountryName"}},{"id":"0000064031118","ean":"0000064031118","name":"Sisu Pätkä lakritsipatukka 14g","price":0.35,"storeId":725782447,"__typename":"Product","approxPrice":false,"basicQuantityUnit":"KPL","comparisonPrice":25,"comparisonUnit":"KGM","consumerPackageSize":null,"consumerPackageUnit":null,"priceUnit":"KPL","quantityMultiplier":1,"brandName":"Sisu","slug":"sisu-patka-lakritsipatukka-14g","isAgeLimitedByAlcohol":false,"frozen":false,"packagingLabels":[],"packagingLabelCodes":[],"hierarchyPath":[{"id":"Herkku_00000318","name":"Lakritsi","slug":"makeiset-ja-naposteltavat-1/muut-makeiset/lakritsi","__typename":"HierarchyPathItem"},{"id":"Herkku_00000057","name":"Muut makeiset","slug":"makeiset-ja-naposteltavat-1/muut-makeiset","__typename":"HierarchyPathItem"},{"id":"Herkku_00000009","name":"Makeiset ja naposteltavat","slug":"makeiset-ja-naposteltavat-1","__typename":"HierarchyPathItem"}],"isGlobalFallback":null,"countryName":{"fi":"Slovakia","__typename":"CountryName"}},{"id":"0000070112474","ean":"0000070112474","name":"Möller Vahva omega-3 omega-3-rasvahappokapseli ravintolisä 90g/70kaps","price":15.95,"storeId":725782447,"__typename":"Product","approxPrice":false,"basicQuantityUnit":"KPL","comparisonPrice":0.23,"comparisonUnit":"PCE","consumerPackageSize":null,"consumerPackageUnit":null,"priceUnit":"KPL","quantityMultiplier":1,"brandName":"Möller","slug":"moller-vahva-omega-3-omega-3-rasvahappokapseli-ravintolisa-90g70kaps","isAgeLimitedByAlcohol":false,"frozen":false,"packagingLabels":[],"packagingLabelCodes":[],"hierarchyPath":[{"id":"Herkku_00001041","name":"Kalaöljyvalmisteet","slug":"luontaistuotteet-ja-lisaravinteet-1/rasvahappovalmisteet/kalaoljyvalmisteet","__typename":"HierarchyPathItem"},{"id":"Herkku_00000176","name":"Rasvahappovalmisteet","slug":"luontaistuotteet-ja-lisaravinteet-1/rasvahappovalmisteet","__typename":"HierarchyPathItem"},{"id":"Herkku_00000016","name":"Luontaistuotteet ja lisäravinteet","slug":"luontaistuotteet-ja-lisaravinteet-1","__typename":"HierarchyPathItem"}],"isGlobalFallback":null,"countryName":{"fi":"Norja","__typename":"CountryName"}},{"id":"0000075001629","ean":"0000075001629","name":"Sol olut 4,5% 0,33 l","price":2.45,"storeId":725782447,"__typename":"Product","approxPrice":false,"basicQuantityUnit":"KPL","comparisonPrice":7.12,"comparisonUnit":"LTR","consumerPackageSize":null,"consumerPackageUnit":null,"priceUnit":"KPL","quantityMultiplier":1,"brandName":"Sol","slug":"sol-olut-4-5-0-33-l","isAgeLimitedByAlcohol":true,"frozen":false,"packagingLabels":[],"packagingLabelCodes":[],"hierarchyPath":[{"id":"Herkku_00000818","name":"Vaalea lager olut","slug":"juomat-1/oluet/vaalea-lager-olut","__typename":"HierarchyPathItem"},{"id":"Herkku_00000135","name":"Oluet","slug":"juomat-1/oluet","__typename":"HierarchyPathItem"},{"id":"Herkku_00000005","name":"Juomat","slug":"juomat-1","__typename":"HierarchyPathItem"}],"isGlobalFallback":null,"countryName":{"fi":"Alankomaat","__typename":"CountryName"}},{"id":"0000075032814","ean":"0000075032814","name":"Corona Extra Olut 4,5% 0,355ltr","price":3,"storeId":725782447,"__typename":"Product","approxPrice":false,"basicQuantityUnit":"KPL","comparisonPrice":8.17,"comparisonUnit":"LTR","consumerPackageSize":null,"consumerPackageUnit":null,"priceUnit":"KPL","quantityMultiplier":1,"brandName":"Corona","slug":"corona-extra-olut-4-5-0-355ltr","isAgeLimitedByAlcohol":true,"frozen":false,"packagingLabels":[],"packagingLabelCodes":[],"hierarchyPath":[{"id":"Herkku_00000818","name":"Vaalea lager olut","slug":"juomat-1/oluet/vaalea-lager-olut","__typename":"HierarchyPathItem"},{"id":"Herkku_00000135","name":"Oluet","slug":"juomat-1/oluet","__typename":"HierarchyPathItem"},{"id":"Herkku_00000005","name":"Juomat","slug":"juomat-1","__typename":"HierarchyPathItem"}],"isGlobalFallback":null,"countryName":{"fi":"Meksiko","__typename":"CountryName"}},{"id":"0000076106002","ean":"0000076106002","name":"Sicilia Sitruunatäysmehu makeuttamaton 115ml","price":1.25,"storeId":725782447,"__typename":"Product","approxPrice":false,"basicQuantityUnit":"KPL","comparisonPrice":10.87,"comparisonUnit":"LTR","consumerPackageSize":null,"consumerPackageUnit":null,"priceUnit":"KPL","quantityMultiplier":1,"brandName":"Sicilia","slug":"sicilia-sitruunataysmehu-makeuttamaton-115ml","isAgeLimitedByAlcohol":false,"frozen":false,"packagingLabels":[],"packagingLabelCodes":[],"hierarchyPath":[{"id":"Herkku_00000658","name":"Muut hedelmämehut","slug":"juomat-1/mehut/muut-hedelmamehut","__typename":"HierarchyPathItem"},{"id":"Herkku_00000120","name":"Mehut","slug":"juomat-1/mehut","__typename":"HierarchyPathItem"},{"id":"Herkku_00000005","name":"Juomat","slug":"juomat-1","__typename":"HierarchyPathItem"}],"isGlobalFallback":null,"countryName":{"fi":"Italia","__typename":"CountryName"}},{"id":"0000080042532","ean":"0000080042532","name":"Mutti tuplakonsentroitu tomaattipyree 130g","price":1.25,"storeId":725782447,"__typename":"Product","approxPrice":false,"basicQuantityUnit":"KPL","comparisonPrice":9.62,"comparisonUnit":"KGM","consumerPackageSize":null,"consumerPackageUnit":null,"priceUnit":"KPL","quantityMultiplier":1,"brandName":"Mutti","slug":"mutti-tuplakonsentroitu-tomaattipyree-130g","isAgeLimitedByAlcohol":false,"frozen":false,"packagingLabels":[],"packagingLabelCodes":[],"hierarchyPath":[{"id":"Herkku_00000357","name":"Kasvissäilykkeet","slug":"kuivatuotteet-ja-leivonta-1/sailykkeet/kasvissailykkeet","__typename":"HierarchyPathItem"},{"id":"Herkku_00000063","name":"Säilykkeet","slug":"kuivatuotteet-ja-leivonta-1/sailykkeet","__typename":"HierarchyPathItem"},{"id":"Herkku_00000007","name":"Kuivatuotteet ja leivonta","slug":"kuivatuotteet-ja-leivonta-1","__typename":"HierarchyPathItem"}],"isGlobalFallback":null,"countryName":{"fi":"Italia","__typename":"CountryName"}},{"id":"0000080042549","ean":"0000080042549","name":"Mutti tuplakonsentroitu tomaattipyree vihanneksilla 130 g","price":1.45,"storeId":725782447,"__typename":"Product","approxPrice":false,"basicQuantityUnit":"KPL","comparisonPrice":11.15,"comparisonUnit":"KGM","consumerPackageSize":null,"consumerPackageUnit":null,"priceUnit":"KPL","quantityMultiplier":1,"brandName":"Mutti","slug":"mutti-tuplakonsentroitu-tomaattipyree-vihanneksilla-130-g","isAgeLimitedByAlcohol":false,"frozen":false,"packagingLabels":[],"packagingLabelCodes":[],"hierarchyPath":[{"id":"Herkku_00000357","name":"Kasvissäilykkeet","slug":"kuivatuotteet-ja-leivonta-1/sailykkeet/kasvissailykkeet","__typename":"HierarchyPathItem"},{"id":"Herkku_00000063","name":"Säilykkeet","slug":"kuivatuotteet-ja-leivonta-1/sailykkeet","__typename":"HierarchyPathItem"},{"id":"Herkku_00000007","name":"Kuivatuotteet ja leivonta","slug":"kuivatuotteet-ja-leivonta-1","__typename":"HierarchyPathItem"}],"isGlobalFallback":null,"countryName":null},{"id":"0000080042556","ean":"0000080042556","name":"Mutti Polpa hieno tomaattimurska 400g","price":1.35,"storeId":725782447,"__typename":"Product","approxPrice":false,"basicQuantityUnit":"KPL","comparisonPrice":3.38,"comparisonUnit":"KGM","consumerPackageSize":null,"consumerPackageUnit":null,"priceUnit":"KPL","quantityMultiplier":1,"brandName":"Mutti","slug":"mutti-polpa-hieno-tomaattimurska-400g","isAgeLimitedByAlcohol":false,"frozen":false,"packagingLabels":[],"packagingLabelCodes":[],"hierarchyPath":[{"id":"Herkku_00000357","name":"Kasvissäilykkeet","slug":"kuivatuotteet-ja-leivonta-1/sailykkeet/kasvissailykkeet","__typename":"HierarchyPathItem"},{"id":"Herkku_00000063","name":"Säilykkeet","slug":"kuivatuotteet-ja-leivonta-1/sailykkeet","__typename":"HierarchyPathItem"},{"id":"Herkku_00000007","name":"Kuivatuotteet ja leivonta","slug":"kuivatuotteet-ja-leivonta-1","__typename":"HierarchyPathItem"}],"isGlobalFallback":null,"countryName":{"fi":"Italia","__typename":"CountryName"}},{"id":"0000080050094","ean":"0000080050094","name":"Kinder Maxi maitosuklaata maitoisalla täytteellä 21g (1kpl)","price":0.45,"storeId":725782447,"__typename":"Product","approxPrice":false,"basicQuantityUnit":"KPL","comparisonPrice":21.43,"comparisonUnit":"KGM","consumerPackageSize":null,"consumerPackageUnit":null,"priceUnit":"KPL","quantityMultiplier":1,"brandName":"Kinder","slug":"kinder-maxi-maitosuklaata-maitoisalla-taytteella-21g-1kpl","isAgeLimitedByAlcohol":false,"frozen":false,"packagingLabels":[],"packagingLabelCodes":[],"hierarchyPath":[{"id":"Herkku_00000333","name":"Suklaapatukat","slug":"makeiset-ja-naposteltavat-1/suklaat/suklaapatukat","__typename":"HierarchyPathItem"},{"id":"Herkku_00000060","name":"Suklaat","slug":"makeiset-ja-naposteltavat-1/suklaat","__typename":"HierarchyPathItem"},{"id":"Herkku_00000009","name":"Makeiset ja naposteltavat","slug":"makeiset-ja-naposteltavat-1","__typename":"HierarchyPathItem"}],"isGlobalFallback":null,"countryName":{"fi":"Saksa","__typename":"CountryName"}},{"id":"0000080177173","ean":"0000080177173","name":"Nutella hasselpähkinä-kaakaolevite 350g","price":3.85,"storeId":725782447,"__typename":"Product","approxPrice":false,"basicQuantityUnit":"KPL","comparisonPrice":11,"comparisonUnit":"KGM","consumerPackageSize":null,"consumerPackageUnit":null,"priceUnit":"KPL","quantityMultiplier":1,"brandName":"Nutella","slug":"nutella-hasselpahkina-kaakaolevite-350g","isAgeLimitedByAlcohol":false,"frozen":false,"packagingLabels":[],"packagingLabelCodes":[],"hierarchyPath":[{"id":"Herkku_00000356","name":"Pähkinä- ja suklaalevitteet","slug":"kuivatuotteet-ja-leivonta-1/hillot-ja-marmeladit/pahkina-ja-suklaalevitteet","__typename":"HierarchyPathItem"},{"id":"Herkku_00000064","name":"Hillot ja marmeladit","slug":"kuivatuotteet-ja-leivonta-1/hillot-ja-marmeladit","__typename":"HierarchyPathItem"},{"id":"Herkku_00000007","name":"Kuivatuotteet ja leivonta","slug":"kuivatuotteet-ja-leivonta-1","__typename":"HierarchyPathItem"}],"isGlobalFallback":null,"countryName":{"fi":"Puola","__typename":"CountryName"}},{"id":"0000080310167","ean":"0000080310167","name":"Kinder Maxi maitosuklaata maitoisalla täytteellä 126g (6kpl)","price":2.19,"storeId":725782447,"__typename":"Product","approxPrice":false,"basicQuantityUnit":"KPL","comparisonPrice":17.38,"comparisonUnit":"KGM","consumerPackageSize":null,"consumerPackageUnit":null,"priceUnit":"KPL","quantityMultiplier":1,"brandName":"Kinder","slug":"kinder-maxi-maitosuklaata-maitoisalla-taytteella-126g-6kpl","isAgeLimitedByAlcohol":false,"frozen":false,"packagingLabels":[],"packagingLabelCodes":[],"hierarchyPath":[{"id":"Herkku_00000333","name":"Suklaapatukat","slug":"makeiset-ja-naposteltavat-1/suklaat/suklaapatukat","__typename":"HierarchyPathItem"},{"id":"Herkku_00000060","name":"Suklaat","slug":"makeiset-ja-naposteltavat-1/suklaat","__typename":"HierarchyPathItem"},{"id":"Herkku_00000009","name":"Makeiset ja naposteltavat","slug":"makeiset-ja-naposteltavat-1","__typename":"HierarchyPathItem"}],"isGlobalFallback":null,"countryName":{"fi":"Saksa","__typename":"CountryName"}},{"id":"0000080310334","ean":"0000080310334","name":"Kinder Suklaahahmo joulupukki 55g","price":2.15,"storeId":725782447,"__typename":"Product","approxPrice":false,"basicQuantityUnit":"KPL","comparisonPrice":39.09,"comparisonUnit":"KGM","consumerPackageSize":null,"consumerPackageUnit":null,"priceUnit":"KPL","quantityMultiplier":1,"brandName":"Kinder","slug":"kinder-suklaahahmo-joulupukki-55g","isAgeLimitedByAlcohol":false,"frozen":false,"packagingLabels":[],"packagingLabelCodes":[],"hierarchyPath":[{"id":"Herkku_00000339","name":"Suklaamunat ja kuviot","slug":"makeiset-ja-naposteltavat-1/sesonki-ja-lahjamakeiset/suklaamunat-ja-kuviot","__typename":"HierarchyPathItem"},{"id":"Herkku_00000061","name":"Sesonki- ja lahjamakeiset","slug":"makeiset-ja-naposteltavat-1/sesonki-ja-lahjamakeiset","__typename":"HierarchyPathItem"},{"id":"Herkku_00000009","name":"Makeiset ja naposteltavat","slug":"makeiset-ja-naposteltavat-1","__typename":"HierarchyPathItem"}],"isGlobalFallback":null,"countryName":{"fi":"Puola","__typename":"CountryName"}},{"id":"0000080530336","ean":"0000080530336","name":"Berni Latva-Artisokka Grillattu Säilyke 280g","price":4.19,"storeId":725782447,"__typename":"Product","approxPrice":false,"basicQuantityUnit":"KPL","comparisonPrice":25.39,"comparisonUnit":"KGM","consumerPackageSize":null,"consumerPackageUnit":null,"priceUnit":"KPL","quantityMultiplier":1,"brandName":"Berni","slug":"berni-latva-artisokka-grillattu-sailyke-280g","isAgeLimitedByAlcohol":false,"frozen":false,"packagingLabels":[],"packagingLabelCodes":[],"hierarchyPath":[{"id":"Herkku_00000357","name":"Kasvissäilykkeet","slug":"kuivatuotteet-ja-leivonta-1/sailykkeet/kasvissailykkeet","__typename":"HierarchyPathItem"},{"id":"Herkku_00000063","name":"Säilykkeet","slug":"kuivatuotteet-ja-leivonta-1/sailykkeet","__typename":"HierarchyPathItem"},{"id":"Herkku_00000007","name":"Kuivatuotteet ja leivonta","slug":"kuivatuotteet-ja-leivonta-1","__typename":"HierarchyPathItem"}],"isGlobalFallback":null,"countryName":{"fi":"Italia","__typename":"CountryName"}},{"id":"0000080761761","ean":"0000080761761","name":"Kinder Bueno White 39g valkosuklaalla päällystetty vohveli maitoisalla hasselpähkinätäytteell","price":0.99,"storeId":725782447,"__typename":"Product","approxPrice":false,"basicQuantityUnit":"KPL","comparisonPrice":25.38,"comparisonUnit":"KGM","consumerPackageSize":null,"consumerPackageUnit":null,"priceUnit":"KPL","quantityMultiplier":1,"brandName":"Kinder","slug":"kinder-bueno-white-39g-valkosuklaalla-paallystetty-vohveli-maitoisalla-hasselpahkinataytteell","isAgeLimitedByAlcohol":false,"frozen":false,"packagingLabels":[],"packagingLabelCodes":[],"hierarchyPath":[{"id":"Herkku_00000333","name":"Suklaapatukat","slug":"makeiset-ja-naposteltavat-1/suklaat/suklaapatukat","__typename":"HierarchyPathItem"},{"id":"Herkku_00000060","name":"Suklaat","slug":"makeiset-ja-naposteltavat-1/suklaat","__typename":"HierarchyPathItem"},{"id":"Herkku_00000009","name":"Makeiset ja naposteltavat","slug":"makeiset-ja-naposteltavat-1","__typename":"HierarchyPathItem"}],"isGlobalFallback":null,"countryName":{"fi":"Puola","__typename":"CountryName"}},{"id":"0000087157239","ean":"0000087157239","name":"Heinz Tomaattiketsuppi 570g","price":3.19,"storeId":725782447,"__typename":"Product","approxPrice":false,"basicQuantityUnit":"KPL","comparisonPrice":5.6,"comparisonUnit":"KGM","consumerPackageSize":null,"consumerPackageUnit":null,"priceUnit":"KPL","quantityMultiplier":1,"brandName":"Heinz","slug":"heinz-tomaattiketsuppi-570g","isAgeLimitedByAlcohol":false,"frozen":false,"packagingLabels":[],"packagingLabelCodes":[],"hierarchyPath":[{"id":"Herkku_00000420","name":"Ketsupit","slug":"oljyt-mausteet-maustaminen-1/ketsupit-ja-sinapit/ketsupit","__typename":"HierarchyPathItem"},{"id":"Herkku_00000077","name":"Ketsupit ja sinapit","slug":"oljyt-mausteet-maustaminen-1/ketsupit-ja-sinapit","__typename":"HierarchyPathItem"},{"id":"Herkku_00000011","name":"Öljyt, mausteet, maustaminen","slug":"oljyt-mausteet-maustaminen-1","__typename":"HierarchyPathItem"}],"isGlobalFallback":null,"countryName":{"fi":"Alankomaat","__typename":"CountryName"}},{"id":"0000087158755","ean":"0000087158755","name":"JOZO 125g suola jodioitu sirotin","price":0.89,"storeId":725782447,"__typename":"Product","approxPrice":false,"basicQuantityUnit":"KPL","comparisonPrice":7.12,"comparisonUnit":"KGM","consumerPackageSize":null,"consumerPackageUnit":null,"priceUnit":"KPL","quantityMultiplier":1,"brandName":"Jozo","slug":"jozo-125g-suola-jodioitu-sirotin","isAgeLimitedByAlcohol":false,"frozen":false,"packagingLabels":[],"packagingLabelCodes":[],"hierarchyPath":[{"id":"Herkku_00000438","name":"Ruokasuola","slug":"oljyt-mausteet-maustaminen-1/suolat/ruokasuola","__typename":"HierarchyPathItem"},{"id":"Herkku_00000080","name":"Suolat","slug":"oljyt-mausteet-maustaminen-1/suolat","__typename":"HierarchyPathItem"},{"id":"Herkku_00000011","name":"Öljyt, mausteet, maustaminen","slug":"oljyt-mausteet-maustaminen-1","__typename":"HierarchyPathItem"}],"isGlobalFallback":null,"countryName":{"fi":"Tanska","__typename":"CountryName"}},{"id":"0000087311396","ean":"0000087311396","name":"Mentos 37,5g Rainbow vesimeloni-mansikka-omena-appelsiini-greippi-vadelma-mustikka pastilli","price":0.75,"storeId":725782447,"__typename":"Product","approxPrice":false,"basicQuantityUnit":"KPL","comparisonPrice":19.74,"comparisonUnit":"KGM","consumerPackageSize":null,"consumerPackageUnit":null,"priceUnit":"KPL","quantityMultiplier":1,"brandName":"Mentos","slug":"mentos-37-5g-rainbow-vesimeloni-mansikka-omena-appelsiini-greippi-vadelma-mustikka-pastilli","isAgeLimitedByAlcohol":false,"frozen":false,"packagingLabels":[],"packagingLabelCodes":[],"hierarchyPath":[{"id":"Herkku_00000329","name":"Muut pastillit","slug":"makeiset-ja-naposteltavat-1/pastillit/muut-pastillit","__typename":"HierarchyPathItem"},{"id":"Herkku_00000058","name":"Pastillit","slug":"makeiset-ja-naposteltavat-1/pastillit","__typename":"HierarchyPathItem"},{"id":"Herkku_00000009","name":"Makeiset ja naposteltavat","slug":"makeiset-ja-naposteltavat-1","__typename":"HierarchyPathItem"}],"isGlobalFallback":null,"countryName":{"fi":"Alankomaat","__typename":"CountryName"}},{"id":"0000087354331","ean":"0000087354331","name":"Mentos Fanta Orange 37,5g makeinen","price":0.75,"storeId":725782447,"__typename":"Product","approxPrice":false,"basicQuantityUnit":"KPL","comparisonPrice":19.74,"comparisonUnit":"KGM","consumerPackageSize":null,"consumerPackageUnit":null,"priceUnit":"KPL","quantityMultiplier":1,"brandName":"Mentos","slug":"mentos-fanta-orange-37-5g-makeinen","isAgeLimitedByAlcohol":false,"frozen":false,"packagingLabels":[],"packagingLabelCodes":[],"hierarchyPath":[{"id":"Herkku_00000329","name":"Muut pastillit","slug":"makeiset-ja-naposteltavat-1/pastillit/muut-pastillit","__typename":"HierarchyPathItem"},{"id":"Herkku_00000058","name":"Pastillit","slug":"makeiset-ja-naposteltavat-1/pastillit","__typename":"HierarchyPathItem"},{"id":"Herkku_00000009","name":"Makeiset ja naposteltavat","slug":"makeiset-ja-naposteltavat-1","__typename":"HierarchyPathItem"}],"isGlobalFallback":null,"countryName":{"fi":"Alankomaat","__typename":"CountryName"}},{"id":"0000090453762","ean":"0000090453762","name":"Red Bull Winter Edition FI Alu Can 250ml","price":2.09,"storeId":725782447,"__typename":"Product","approxPrice":false,"basicQuantityUnit":"KPL","comparisonPrice":7.76,"comparisonUnit":"LTR","consumerPackageSize":null,"consumerPackageUnit":null,"priceUnit":"KPL","quantityMultiplier":1,"brandName":"Red Bull","slug":"red-bull-winter-edition-fi-alu-can-250ml","isAgeLimitedByAlcohol":false,"frozen":false,"packagingLabels":["Kierrätysmerkki"],"packagingLabelCodes":["RECYCLABLE_GENERAL_CLAIM"],"hierarchyPath":[{"id":"1591691224561835","name":"Energiajuomat","slug":"juomat-1/energiajuomat-ja-urheilujuomat/energiajuomat","__typename":"HierarchyPathItem"},{"id":"1591691224561833","name":"Energiajuomat ja urheilujuomat","slug":"juomat-1/energiajuomat-ja-urheilujuomat","__typename":"HierarchyPathItem"},{"id":"Herkku_00000005","name":"Juomat","slug":"juomat-1","__typename":"HierarchyPathItem"}],"isGlobalFallback":null,"countryName":{"fi":"Itävalta","__typename":"CountryName"}},{"id":"0011210000018","ean":"0011210000018","name":"Tabasco 57ml punainen pippurikastike","price":3.89,"storeId":725782447,"__typename":"Product","approxPrice":false,"basicQuantityUnit":"KPL","comparisonPrice":68.25,"comparisonUnit":"LTR","consumerPackageSize":null,"consumerPackageUnit":null,"priceUnit":"KPL","quantityMultiplier":1,"brandName":"Tabasco","slug":"tabasco-57ml-punainen-pippurikastike","isAgeLimitedByAlcohol":false,"frozen":false,"packagingLabels":[],"packagingLabelCodes":[],"hierarchyPath":[{"id":"Herkku_00000431","name":"Chilikastikkeet","slug":"oljyt-mausteet-maustaminen-1/maustekastikkeet-ja-tahnat/chilikastikkeet","__typename":"HierarchyPathItem"},{"id":"Herkku_00000078","name":"Maustekastikkeet ja tahnat","slug":"oljyt-mausteet-maustaminen-1/maustekastikkeet-ja-tahnat","__typename":"HierarchyPathItem"},{"id":"Herkku_00000011","name":"Öljyt, mausteet, maustaminen","slug":"oljyt-mausteet-maustaminen-1","__typename":"HierarchyPathItem"}],"isGlobalFallback":null,"countryName":{"fi":"Yhdysvallat","__typename":"CountryName"}},{"id":"0024000001669","ean":"0024000001669","name":"Del Monte 220g Ananasviipale mehussa","price":1.55,"storeId":725782447,"__typename":"Product","approxPrice":false,"basicQuantityUnit":"KPL","comparisonPrice":11.07,"comparisonUnit":"KGM","consumerPackageSize":null,"consumerPackageUnit":null,"priceUnit":"KPL","quantityMultiplier":1,"brandName":"Del Monte","slug":"del-monte-220g-ananasviipale-mehussa","isAgeLimitedByAlcohol":false,"frozen":false,"packagingLabels":[],"packagingLabelCodes":[],"hierarchyPath":[{"id":"Herkku_00000353","name":"Hedelmäsäilykkeet","slug":"kuivatuotteet-ja-leivonta-1/sailykkeet/hedelmasailykkeet","__typename":"HierarchyPathItem"},{"id":"Herkku_00000063","name":"Säilykkeet","slug":"kuivatuotteet-ja-leivonta-1/sailykkeet","__typename":"HierarchyPathItem"},{"id":"Herkku_00000007","name":"Kuivatuotteet ja leivonta","slug":"kuivatuotteet-ja-leivonta-1","__typename":"HierarchyPathItem"}],"isGlobalFallback":null,"countryName":{"fi":"Kenia","__typename":"CountryName"}},{"id":"0024000001706","ean":"0024000001706","name":"Del Monte 230g Ananasmurska mehussa","price":1.39,"storeId":725782447,"__typename":"Product","approxPrice":false,"basicQuantityUnit":"KPL","comparisonPrice":9.59,"comparisonUnit":"KGM","consumerPackageSize":null,"consumerPackageUnit":null,"priceUnit":"KPL","quantityMultiplier":1,"brandName":"Del Monte","slug":"del-monte-230g-ananasmurska-mehussa","isAgeLimitedByAlcohol":false,"frozen":false,"packagingLabels":[],"packagingLabelCodes":[],"hierarchyPath":[{"id":"Herkku_00000353","name":"Hedelmäsäilykkeet","slug":"kuivatuotteet-ja-leivonta-1/sailykkeet/hedelmasailykkeet","__typename":"HierarchyPathItem"},{"id":"Herkku_00000063","name":"Säilykkeet","slug":"kuivatuotteet-ja-leivonta-1/sailykkeet","__typename":"HierarchyPathItem"},{"id":"Herkku_00000007","name":"Kuivatuotteet ja leivonta","slug":"kuivatuotteet-ja-leivonta-1","__typename":"HierarchyPathItem"}],"isGlobalFallback":null,"countryName":{"fi":"Kenia","__typename":"CountryName"}},{"id":"0024000124023","ean":"0024000124023","name":"Del Monte 415g/250g Hedelmäcocktail mehussa","price":2.89,"storeId":725782447,"__typename":"Product","approxPrice":false,"basicQuantityUnit":"KPL","comparisonPrice":11.56,"comparisonUnit":"KGM","consumerPackageSize":null,"consumerPackageUnit":null,"priceUnit":"KPL","quantityMultiplier":1,"brandName":"Del Monte","slug":"del-monte-415g250g-hedelmacocktail-mehussa","isAgeLimitedByAlcohol":false,"frozen":false,"packagingLabels":[],"packagingLabelCodes":[],"hierarchyPath":[{"id":"Herkku_00000353","name":"Hedelmäsäilykkeet","slug":"kuivatuotteet-ja-leivonta-1/sailykkeet/hedelmasailykkeet","__typename":"HierarchyPathItem"},{"id":"Herkku_00000063","name":"Säilykkeet","slug":"kuivatuotteet-ja-leivonta-1/sailykkeet","__typename":"HierarchyPathItem"},{"id":"Herkku_00000007","name":"Kuivatuotteet ja leivonta","slug":"kuivatuotteet-ja-leivonta-1","__typename":"HierarchyPathItem"}],"isGlobalFallback":null,"countryName":{"fi":"Kreikka","__typename":"CountryName"}},{"id":"0038900014261","ean":"0038900014261","name":"227/139g Dole Tropical Gold Ananaspaloja mehussa","price":1.59,"storeId":725782447,"__typename":"Product","approxPrice":false,"basicQuantityUnit":"KPL","comparisonPrice":11.44,"comparisonUnit":"KGM","consumerPackageSize":null,"consumerPackageUnit":null,"priceUnit":"KPL","quantityMultiplier":1,"brandName":"Dole","slug":"227139g-dole-tropical-gold-ananaspaloja-mehussa","isAgeLimitedByAlcohol":false,"frozen":false,"packagingLabels":["Rainforest alliance certified (Sammakko-merkki)"],"packagingLabelCodes":["RAINFOREST_ALLIANCE"],"hierarchyPath":[{"id":"Herkku_00000353","name":"Hedelmäsäilykkeet","slug":"kuivatuotteet-ja-leivonta-1/sailykkeet/hedelmasailykkeet","__typename":"HierarchyPathItem"},{"id":"Herkku_00000063","name":"Säilykkeet","slug":"kuivatuotteet-ja-leivonta-1/sailykkeet","__typename":"HierarchyPathItem"},{"id":"Herkku_00000007","name":"Kuivatuotteet ja leivonta","slug":"kuivatuotteet-ja-leivonta-1","__typename":"HierarchyPathItem"}],"isGlobalFallback":null,"countryName":{"fi":"Filippiinit","__typename":"CountryName"}},{"id":"0041143020173","ean":"0041143020173","name":"6x42,5g Sun-Maid Kivetön rusina 6-pack pikkurasioita","price":3.19,"storeId":725782447,"__typename":"Product","approxPrice":false,"basicQuantityUnit":"KPL","comparisonPrice":12.51,"comparisonUnit":"KGM","consumerPackageSize":null,"consumerPackageUnit":null,"priceUnit":"KPL","quantityMultiplier":1,"brandName":"Sun-Maid","slug":"6x42-5g-sun-maid-kiveton-rusina-6-pack-pikkurasioita","isAgeLimitedByAlcohol":false,"frozen":false,"packagingLabels":[],"packagingLabelCodes":[],"hierarchyPath":[{"id":"Herkku_00000306","name":"Kuivatut hedelmät ja marjat","slug":"kuivatuotteet-ja-leivonta-1/siemenet-pahkinat-ja-kuivatut-hedelmat/kuivatut-hedelmat-ja-marjat","__typename":"HierarchyPathItem"},{"id":"Herkku_00000050","name":"Siemenet, pähkinät ja kuivatut hedelmät","slug":"kuivatuotteet-ja-leivonta-1/siemenet-pahkinat-ja-kuivatut-hedelmat","__typename":"HierarchyPathItem"},{"id":"Herkku_00000007","name":"Kuivatuotteet ja leivonta","slug":"kuivatuotteet-ja-leivonta-1","__typename":"HierarchyPathItem"}],"isGlobalFallback":null,"countryName":{"fi":"Yhdysvallat","__typename":"CountryName"}},{"id":"0041143024461","ean":"0041143024461","name":"200g Sun-Maid Kalifornialainen kivetön luomurusina","price":2.95,"storeId":725782447,"__typename":"Product","approxPrice":false,"basicQuantityUnit":"KPL","comparisonPrice":14.75,"comparisonUnit":"KGM","consumerPackageSize":null,"consumerPackageUnit":null,"priceUnit":"KPL","quantityMultiplier":1,"brandName":"Sun-Maid","slug":"200g-sun-maid-kalifornialainen-kiveton-luomurusina","isAgeLimitedByAlcohol":false,"frozen":false,"packagingLabels":[],"packagingLabelCodes":[],"hierarchyPath":[{"id":"Herkku_00000306","name":"Kuivatut hedelmät ja marjat","slug":"kuivatuotteet-ja-leivonta-1/siemenet-pahkinat-ja-kuivatut-hedelmat/kuivatut-hedelmat-ja-marjat","__typename":"HierarchyPathItem"},{"id":"Herkku_00000050","name":"Siemenet, pähkinät ja kuivatut hedelmät","slug":"kuivatuotteet-ja-leivonta-1/siemenet-pahkinat-ja-kuivatut-hedelmat","__typename":"HierarchyPathItem"},{"id":"Herkku_00000007","name":"Kuivatuotteet ja leivonta","slug":"kuivatuotteet-ja-leivonta-1","__typename":"HierarchyPathItem"}],"isGlobalFallback":null,"countryName":{"fi":"Yhdysvallat","__typename":"CountryName"}},{"id":"0041143024843","ean":"0041143024843","name":"200g Sun-Maid Kalifornialainen kivetön rusina","price":2.09,"storeId":725782447,"__typename":"Product","approxPrice":false,"basicQuantityUnit":"KPL","comparisonPrice":10.45,"comparisonUnit":"KGM","consumerPackageSize":null,"consumerPackageUnit":null,"priceUnit":"KPL","quantityMultiplier":1,"brandName":"Sun-Maid","slug":"200g-sun-maid-kalifornialainen-kiveton-rusina","isAgeLimitedByAlcohol":false,"frozen":false,"packagingLabels":[],"packagingLabelCodes":[],"hierarchyPath":[{"id":"Herkku_00000306","name":"Kuivatut hedelmät ja marjat","slug":"kuivatuotteet-ja-leivonta-1/siemenet-pahkinat-ja-kuivatut-hedelmat/kuivatut-hedelmat-ja-marjat","__typename":"HierarchyPathItem"},{"id":"Herkku_00000050","name":"Siemenet, pähkinät ja kuivatut hedelmät","slug":"kuivatuotteet-ja-leivonta-1/siemenet-pahkinat-ja-kuivatut-hedelmat","__typename":"HierarchyPathItem"},{"id":"Herkku_00000007","name":"Kuivatuotteet ja leivonta","slug":"kuivatuotteet-ja-leivonta-1","__typename":"HierarchyPathItem"}],"isGlobalFallback":null,"countryName":{"fi":"Yhdysvallat","__typename":"CountryName"}},{"id":"0041143050361","ean":"0041143050361","name":"37,7g Sun-Maid Sour Raisin Snacks Strawberry","price":1.55,"storeId":725782447,"__typename":"Product","approxPrice":false,"basicQuantityUnit":"KPL","comparisonPrice":40.79,"comparisonUnit":"KGM","consumerPackageSize":null,"consumerPackageUnit":null,"priceUnit":"KPL","quantityMultiplier":1,"brandName":"Sun-Maid","slug":"37-7g-sun-maid-sour-raisin-snacks-strawberry","isAgeLimitedByAlcohol":false,"frozen":false,"packagingLabels":[],"packagingLabelCodes":[],"hierarchyPath":[{"id":"Herkku_00000306","name":"Kuivatut hedelmät ja marjat","slug":"kuivatuotteet-ja-leivonta-1/siemenet-pahkinat-ja-kuivatut-hedelmat/kuivatut-hedelmat-ja-marjat","__typename":"HierarchyPathItem"},{"id":"Herkku_00000050","name":"Siemenet, pähkinät ja kuivatut hedelmät","slug":"kuivatuotteet-ja-leivonta-1/siemenet-pahkinat-ja-kuivatut-hedelmat","__typename":"HierarchyPathItem"},{"id":"Herkku_00000007","name":"Kuivatuotteet ja leivonta","slug":"kuivatuotteet-ja-leivonta-1","__typename":"HierarchyPathItem"}],"isGlobalFallback":null,"countryName":{"fi":"Yhdysvallat","__typename":"CountryName"}},{"id":"0041143050378","ean":"0041143050378","name":"37,7g Sun-Maid Sour Raisin Snacks Watermelon","price":1.55,"storeId":725782447,"__typename":"Product","approxPrice":false,"basicQuantityUnit":"KPL","comparisonPrice":40.79,"comparisonUnit":"KGM","consumerPackageSize":null,"consumerPackageUnit":null,"priceUnit":"KPL","quantityMultiplier":1,"brandName":"Sun-Maid","slug":"37-7g-sun-maid-sour-raisin-snacks-watermelon","isAgeLimitedByAlcohol":false,"frozen":false,"packagingLabels":[],"packagingLabelCodes":[],"hierarchyPath":[{"id":"Herkku_00000306","name":"Kuivatut hedelmät ja marjat","slug":"kuivatuotteet-ja-leivonta-1/siemenet-pahkinat-ja-kuivatut-hedelmat/kuivatut-hedelmat-ja-marjat","__typename":"HierarchyPathItem"},{"id":"Herkku_00000050","name":"Siemenet, pähkinät ja kuivatut hedelmät","slug":"kuivatuotteet-ja-leivonta-1/siemenet-pahkinat-ja-kuivatut-hedelmat","__typename":"HierarchyPathItem"},{"id":"Herkku_00000007","name":"Kuivatuotteet ja leivonta","slug":"kuivatuotteet-ja-leivonta-1","__typename":"HierarchyPathItem"}],"isGlobalFallback":null,"countryName":{"fi":"Yhdysvallat","__typename":"CountryName"}},{"id":"0070177077563","ean":"0070177077563","name":"Twinings 25x2g Earl Grey tee","price":3.4,"storeId":725782447,"__typename":"Product","approxPrice":false,"basicQuantityUnit":"KPL","comparisonPrice":68,"comparisonUnit":"KGM","consumerPackageSize":null,"consumerPackageUnit":null,"priceUnit":"KPL","quantityMultiplier":1,"brandName":"Twinings","slug":"twinings-25x2g-earl-grey-tee","isAgeLimitedByAlcohol":false,"frozen":false,"packagingLabels":[],"packagingLabelCodes":[],"hierarchyPath":[{"id":"Herkku_00000514","name":"Pussitee","slug":"juomat-1/teet/pussitee","__typename":"HierarchyPathItem"},{"id":"Herkku_00000091","name":"Teet","slug":"juomat-1/teet","__typename":"HierarchyPathItem"},{"id":"Herkku_00000005","name":"Juomat","slug":"juomat-1","__typename":"HierarchyPathItem"}],"isGlobalFallback":null,"countryName":{"fi":"Kiina","__typename":"CountryName"}},{"id":"0070177174729","ean":"0070177174729","name":"Twinings 20x2g Classics Collection teelajitelma musta tee","price":3.39,"storeId":725782447,"__typename":"Product","approxPrice":false,"basicQuantityUnit":"KPL","comparisonPrice":84.75,"comparisonUnit":"KGM","consumerPackageSize":null,"consumerPackageUnit":null,"priceUnit":"KPL","quantityMultiplier":1,"brandName":"Twinings","slug":"twinings-20x2g-classics-collection-teelajitelma-musta-tee","isAgeLimitedByAlcohol":false,"frozen":false,"packagingLabels":[],"packagingLabelCodes":[],"hierarchyPath":[{"id":"Herkku_00000514","name":"Pussitee","slug":"juomat-1/teet/pussitee","__typename":"HierarchyPathItem"},{"id":"Herkku_00000091","name":"Teet","slug":"juomat-1/teet","__typename":"HierarchyPathItem"},{"id":"Herkku_00000005","name":"Juomat","slug":"juomat-1","__typename":"HierarchyPathItem"}],"isGlobalFallback":null,"countryName":{"fi":"Puola","__typename":"CountryName"}},{"id":"0077521931410","ean":"0077521931410","name":"Yeo's 400g nuudeli Ezy-Cook","price":2.45,"storeId":725782447,"__typename":"Product","approxPrice":false,"basicQuantityUnit":"KPL","comparisonPrice":6.13,"comparisonUnit":"KGM","consumerPackageSize":null,"consumerPackageUnit":null,"priceUnit":"KPL","quantityMultiplier":1,"brandName":"Yeo's","slug":"yeos-400g-nuudeli-ezy-cook","isAgeLimitedByAlcohol":false,"frozen":false,"packagingLabels":[],"packagingLabelCodes":[],"hierarchyPath":[{"id":"Herkku_00000488","name":"Nuudelit","slug":"kuivatuotteet-ja-leivonta-1/riisit-pastat-ja-nuudelit/nuudelit","__typename":"HierarchyPathItem"},{"id":"Herkku_00000088","name":"Riisit, pastat ja nuudelit","slug":"kuivatuotteet-ja-leivonta-1/riisit-pastat-ja-nuudelit","__typename":"HierarchyPathItem"},{"id":"Herkku_00000007","name":"Kuivatuotteet ja leivonta","slug":"kuivatuotteet-ja-leivonta-1","__typename":"HierarchyPathItem"}],"isGlobalFallback":null,"countryName":{"fi":"Malesia","__typename":"CountryName"}},{"id":"0602652257780","ean":"0602652257780","name":"BE-KIND Caramel Almond Sea Salt 40g","price":2.15,"storeId":725782447,"__typename":"Product","approxPrice":false,"basicQuantityUnit":"KPL","comparisonPrice":53.75,"comparisonUnit":"KGM","consumerPackageSize":null,"consumerPackageUnit":null,"priceUnit":"KPL","quantityMultiplier":1,"brandName":"BE-KIND","slug":"be-kind-caramel-almond-sea-salt-40g","isAgeLimitedByAlcohol":false,"frozen":false,"packagingLabels":[],"packagingLabelCodes":[],"hierarchyPath":[{"id":"1591691259548655","name":"Pähkinäpatukat ja -levyt","slug":"kuivatuotteet-ja-leivonta-1/siemenet-pahkinat-ja-kuivatut-hedelmat/pahkinapatukat-ja-levyt","__typename":"HierarchyPathItem"},{"id":"Herkku_00000050","name":"Siemenet, pähkinät ja kuivatut hedelmät","slug":"kuivatuotteet-ja-leivonta-1/siemenet-pahkinat-ja-kuivatut-hedelmat","__typename":"HierarchyPathItem"},{"id":"Herkku_00000007","name":"Kuivatuotteet ja leivonta","slug":"kuivatuotteet-ja-leivonta-1","__typename":"HierarchyPathItem"}],"isGlobalFallback":null,"countryName":{"fi":"Alankomaat","__typename":"CountryName"}},{"id":"0713228378492","ean":"0713228378492","name":"Preah Vihear Jasmiiniriisi 1Kg","price":2.15,"storeId":725782447,"__typename":"Product","approxPrice":false,"basicQuantityUnit":"KPL","comparisonPrice":2.15,"comparisonUnit":"KGM","consumerPackageSize":null,"consumerPackageUnit":null,"priceUnit":"KPL","quantityMultiplier":1,"brandName":"Preah Vihear","slug":"preah-vihear-jasmiiniriisi-1kg","isAgeLimitedByAlcohol":false,"frozen":false,"packagingLabels":[],"packagingLabelCodes":[],"hierarchyPath":[{"id":"Herkku_00000479","name":"Jasmiiniriisit","slug":"kuivatuotteet-ja-leivonta-1/riisit-pastat-ja-nuudelit/jasmiiniriisit","__typename":"HierarchyPathItem"},{"id":"Herkku_00000088","name":"Riisit, pastat ja nuudelit","slug":"kuivatuotteet-ja-leivonta-1/riisit-pastat-ja-nuudelit","__typename":"HierarchyPathItem"},{"id":"Herkku_00000007","name":"Kuivatuotteet ja leivonta","slug":"kuivatuotteet-ja-leivonta-1","__typename":"HierarchyPathItem"}],"isGlobalFallback":null,"countryName":{"fi":"Kambodža","__typename":"CountryName"}},{"id":"0754590162401","ean":"0754590162401","name":"Musta FFP2 hengityssuojain Style 25kpl","price":9.9,"storeId":725782447,"__typename":"Product","approxPrice":false,"basicQuantityUnit":"KPL","comparisonPrice":0.4,"comparisonUnit":"PCE","consumerPackageSize":null,"consumerPackageUnit":null,"priceUnit":"KPL","quantityMultiplier":1,"brandName":null,"slug":"musta-ffp2-hengityssuojain-style-25kpl","isAgeLimitedByAlcohol":false,"frozen":false,"packagingLabels":[],"packagingLabelCodes":[],"hierarchyPath":[{"id":"1591691233832159","name":"Kasvomaskit","slug":"kosmetiikka-ja-hygienia/muut-kosmetiikka-ja-hygieniatuotteet/kasvomaskit","__typename":"HierarchyPathItem"},{"id":"1591691233832153","name":"Muut kosmetiikka ja hygieniatuotteet","slug":"kosmetiikka-ja-hygienia/muut-kosmetiikka-ja-hygieniatuotteet","__typename":"HierarchyPathItem"},{"id":"1591691233334707","name":"Kosmetiikka ja hygienia","slug":"kosmetiikka-ja-hygienia","__typename":"HierarchyPathItem"}],"isGlobalFallback":null,"countryName":{"fi":"Kiina","__typename":"CountryName"}},{"id":"0754590162418","ean":"0754590162418","name":"Valkoinen FFP2 hengityssuojain Style 25kpl","price":9.9,"storeId":725782447,"__typename":"Product","approxPrice":false,"basicQuantityUnit":"KPL","comparisonPrice":0.4,"comparisonUnit":"PCE","consumerPackageSize":null,"consumerPackageUnit":null,"priceUnit":"KPL","quantityMultiplier":1,"brandName":null,"slug":"valkoinen-ffp2-hengityssuojain-style-25kpl","isAgeLimitedByAlcohol":false,"frozen":false,"packagingLabels":[],"packagingLabelCodes":[],"hierarchyPath":[{"id":"1591691233832159","name":"Kasvomaskit","slug":"kosmetiikka-ja-hygienia/muut-kosmetiikka-ja-hygieniatuotteet/kasvomaskit","__typename":"HierarchyPathItem"},{"id":"1591691233832153","name":"Muut kosmetiikka ja hygieniatuotteet","slug":"kosmetiikka-ja-hygienia/muut-kosmetiikka-ja-hygieniatuotteet","__typename":"HierarchyPathItem"},{"id":"1591691233334707","name":"Kosmetiikka ja hygienia","slug":"kosmetiikka-ja-hygienia","__typename":"HierarchyPathItem"}],"isGlobalFallback":null,"countryName":{"fi":"Kiina","__typename":"CountryName"}},{"id":"0754590162432","ean":"0754590162432","name":"Musta Hengityssuojain FFP2, 1KPL","price":0.49,"storeId":725782447,"__typename":"Product","approxPrice":false,"basicQuantityUnit":"KPL","comparisonPrice":0.49,"comparisonUnit":"PCE","consumerPackageSize":null,"consumerPackageUnit":null,"priceUnit":"KPL","quantityMultiplier":1,"brandName":null,"slug":"musta-hengityssuojain-ffp2-1kpl","isAgeLimitedByAlcohol":false,"frozen":false,"packagingLabels":[],"packagingLabelCodes":[],"hierarchyPath":[{"id":"1591691233832159","name":"Kasvomaskit","slug":"kosmetiikka-ja-hygienia/muut-kosmetiikka-ja-hygieniatuotteet/kasvomaskit","__typename":"HierarchyPathItem"},{"id":"1591691233832153","name":"Muut kosmetiikka ja hygieniatuotteet","slug":"kosmetiikka-ja-hygienia/muut-kosmetiikka-ja-hygieniatuotteet","__typename":"HierarchyPathItem"},{"id":"1591691233334707","name":"Kosmetiikka ja hygienia","slug":"kosmetiikka-ja-hygienia","__typename":"HierarchyPathItem"}],"isGlobalFallback":null,"countryName":{"fi":"Kiina","__typename":"CountryName"}},{"id":"0794712472353","ean":"0794712472353","name":"Kirurginen suu-nenäsuojain, tyyppi IIR, musta","price":10.9,"storeId":725782447,"__typename":"Product","approxPrice":false,"basicQuantityUnit":"KPL","comparisonPrice":0.22,"comparisonUnit":"PCE","consumerPackageSize":null,"consumerPackageUnit":null,"priceUnit":"KPL","quantityMultiplier":1,"brandName":"Kingfa","slug":"kirurginen-suu-nenasuojain-tyyppi-iir-musta","isAgeLimitedByAlcohol":false,"frozen":false,"packagingLabels":[],"packagingLabelCodes":[],"hierarchyPath":[{"id":"1591691233832159","name":"Kasvomaskit","slug":"kosmetiikka-ja-hygienia/muut-kosmetiikka-ja-hygieniatuotteet/kasvomaskit","__typename":"HierarchyPathItem"},{"id":"1591691233832153","name":"Muut kosmetiikka ja hygieniatuotteet","slug":"kosmetiikka-ja-hygienia/muut-kosmetiikka-ja-hygieniatuotteet","__typename":"HierarchyPathItem"},{"id":"1591691233334707","name":"Kosmetiikka ja hygienia","slug":"kosmetiikka-ja-hygienia","__typename":"HierarchyPathItem"}],"isGlobalFallback":null,"countryName":{"fi":"Kiina","__typename":"CountryName"}},{"id":"0802763021533","ean":"0802763021533","name":"200g Sunsweet Kivettömiä luumuja","price":3.35,"storeId":725782447,"__typename":"Product","approxPrice":false,"basicQuantityUnit":"KPL","comparisonPrice":16.75,"comparisonUnit":"KGM","consumerPackageSize":null,"consumerPackageUnit":null,"priceUnit":"KPL","quantityMultiplier":1,"brandName":"Sunsweet","slug":"200g-sunsweet-kivettomia-luumuja","isAgeLimitedByAlcohol":false,"frozen":false,"packagingLabels":[],"packagingLabelCodes":[],"hierarchyPath":[{"id":"Herkku_00000306","name":"Kuivatut hedelmät ja marjat","slug":"kuivatuotteet-ja-leivonta-1/siemenet-pahkinat-ja-kuivatut-hedelmat/kuivatut-hedelmat-ja-marjat","__typename":"HierarchyPathItem"},{"id":"Herkku_00000050","name":"Siemenet, pähkinät ja kuivatut hedelmät","slug":"kuivatuotteet-ja-leivonta-1/siemenet-pahkinat-ja-kuivatut-hedelmat","__typename":"HierarchyPathItem"},{"id":"Herkku_00000007","name":"Kuivatuotteet ja leivonta","slug":"kuivatuotteet-ja-leivonta-1","__typename":"HierarchyPathItem"}],"isGlobalFallback":null,"countryName":{"fi":"Yhdysvallat","__typename":"CountryName"}},{"id":"2000041000005","ean":"2000041000005","name":"Appelsiini Navelina Espanja","price":0.69,"storeId":725782447,"__typename":"Product","approxPrice":true,"basicQuantityUnit":"KPL","comparisonPrice":2.09,"comparisonUnit":"KGM","consumerPackageSize":null,"consumerPackageUnit":null,"priceUnit":"KPL","quantityMultiplier":1,"brandName":null,"slug":"appelsiini-navelina-espanja","isAgeLimitedByAlcohol":false,"frozen":false,"packagingLabels":[],"packagingLabelCodes":[],"hierarchyPath":[{"id":"1591691250826671","name":"Appelsiinit","slug":"hedelmat-ja-vihannekset-1/hedelmat/appelsiinit","__typename":"HierarchyPathItem"},{"id":"Herkku_00000021","name":"Hedelmät","slug":"hedelmat-ja-vihannekset-1/hedelmat","__typename":"HierarchyPathItem"},{"id":"Herkku_00000001","name":"Hedelmät ja vihannekset","slug":"hedelmat-ja-vihannekset-1","__typename":"HierarchyPathItem"}],"isGlobalFallback":null,"countryName":{"fi":"Espanja","__typename":"CountryName"}},{"id":"2000048800004","ean":"2000048800004","name":"Verigreippi Jaffa Sunrise","price":0.98,"storeId":725782447,"__typename":"Product","approxPrice":true,"basicQuantityUnit":"KPL","comparisonPrice":2.79,"comparisonUnit":"KGM","consumerPackageSize":null,"consumerPackageUnit":null,"priceUnit":"KPL","quantityMultiplier":1,"brandName":null,"slug":"verigreippi-jaffa-sunrise","isAgeLimitedByAlcohol":false,"frozen":false,"packagingLabels":[],"packagingLabelCodes":[],"hierarchyPath":[{"id":"1591691250826672","name":"Greipit","slug":"hedelmat-ja-vihannekset-1/hedelmat/greipit","__typename":"HierarchyPathItem"},{"id":"Herkku_00000021","name":"Hedelmät","slug":"hedelmat-ja-vihannekset-1/hedelmat","__typename":"HierarchyPathItem"},{"id":"Herkku_00000001","name":"Hedelmät ja vihannekset","slug":"hedelmat-ja-vihannekset-1","__typename":"HierarchyPathItem"}],"isGlobalFallback":null,"countryName":{"fi":"Israel","__typename":"CountryName"}},{"id":"2000049000007","ean":"2000049000007","name":"Rainbow Kukkakaali pakattu","price":2.7,"storeId":725782447,"__typename":"Product","approxPrice":true,"basicQuantityUnit":"KPL","comparisonPrice":4.19,"comparisonUnit":"KGM","consumerPackageSize":null,"consumerPackageUnit":null,"priceUnit":"KPL","quantityMultiplier":1,"brandName":"Rainbow","slug":"rainbow-kukkakaali-pakattu","isAgeLimitedByAlcohol":false,"frozen":false,"packagingLabels":[],"packagingLabelCodes":[],"hierarchyPath":[{"id":"StructureGroup_507756644246827","name":"Kaalit","slug":"hedelmat-ja-vihannekset-1/vihannekset/kaalit","__typename":"HierarchyPathItem"},{"id":"Herkku_00000023","name":"Vihannekset","slug":"hedelmat-ja-vihannekset-1/vihannekset","__typename":"HierarchyPathItem"},{"id":"Herkku_00000001","name":"Hedelmät ja vihannekset","slug":"hedelmat-ja-vihannekset-1","__typename":"HierarchyPathItem"}],"isGlobalFallback":null,"countryName":{"fi":"Espanja","__typename":"CountryName"}},{"id":"2000056500002","ean":"2000056500002","name":"Nakkipiirakka","price":2.65,"storeId":725782447,"__typename":"Product","approxPrice":false,"basicQuantityUnit":"KPL","comparisonPrice":26.5,"comparisonUnit":"PCE","consumerPackageSize":null,"consumerPackageUnit":null,"priceUnit":"KPL","quantityMultiplier":1,"brandName":"Jussinhannan Leipä","slug":"nakkipiirakka","isAgeLimitedByAlcohol":false,"frozen":false,"packagingLabels":[],"packagingLabelCodes":[],"hierarchyPath":[{"id":"Herkku_00000951","name":"Välipalatuotteet","slug":"ruokatori/valmisruoka/valipalatuotteet","__typename":"HierarchyPathItem"},{"id":"Herkku_00000182","name":"Valmisruoka","slug":"ruokatori/valmisruoka","__typename":"HierarchyPathItem"},{"id":"StructureGroup_1796559627348384","name":"Ruokatori","slug":"ruokatori","__typename":"HierarchyPathItem"}],"isGlobalFallback":null,"countryName":{"fi":"Suomi","__typename":"CountryName"}},{"id":"2000383800004","ean":"2000383800004","name":"VL Rahkaherkkupulla 90g","price":1.39,"storeId":725782447,"__typename":"Product","approxPrice":false,"basicQuantityUnit":"KPL","comparisonPrice":15.44,"comparisonUnit":"KGM","consumerPackageSize":null,"consumerPackageUnit":null,"priceUnit":"KPL","quantityMultiplier":1,"brandName":"Villähteen Leipomo","slug":"vl-rahkaherkkupulla-90g","isAgeLimitedByAlcohol":false,"frozen":false,"packagingLabels":[],"packagingLabelCodes":[],"hierarchyPath":[{"id":"Herkku_00000950","name":"Makeat leivonnaiset","slug":"leivat-keksit-ja-leivonnaiset-1/paistopisteen-tuotteet/makeat-leivonnaiset","__typename":"HierarchyPathItem"},{"id":"Herkku_00000154","name":"Paistopisteen tuotteet","slug":"leivat-keksit-ja-leivonnaiset-1/paistopisteen-tuotteet","__typename":"HierarchyPathItem"},{"id":"Herkku_00000008","name":"Leivät, keksit ja leivonnaiset","slug":"leivat-keksit-ja-leivonnaiset-1","__typename":"HierarchyPathItem"}],"isGlobalFallback":null,"countryName":{"fi":"Suomi","__typename":"CountryName"}},{"id":"2000437700007","ean":"2000437700007","name":"Fazer 37g Vuoksen riisipiirakka","price":0.49,"storeId":725782447,"__typename":"Product","approxPrice":false,"basicQuantityUnit":"KPL","comparisonPrice":13.24,"comparisonUnit":"KGM","consumerPackageSize":null,"consumerPackageUnit":null,"priceUnit":"KPL","quantityMultiplier":1,"brandName":"Fazer","slug":"fazer-37g-vuoksen-riisipiirakka","isAgeLimitedByAlcohol":false,"frozen":false,"packagingLabels":[],"packagingLabelCodes":[],"hierarchyPath":[{"id":"Herkku_00000951","name":"Välipalatuotteet","slug":"ruokatori/valmisruoka/valipalatuotteet","__typename":"HierarchyPathItem"},{"id":"Herkku_00000182","name":"Valmisruoka","slug":"ruokatori/valmisruoka","__typename":"HierarchyPathItem"},{"id":"StructureGroup_1796559627348384","name":"Ruokatori","slug":"ruokatori","__typename":"HierarchyPathItem"}],"isGlobalFallback":null,"countryName":{"fi":"Suomi","__typename":"CountryName"}},{"id":"2000478600007","ean":"2000478600007","name":"Kotimaista 80g voisilmäpulla","price":0.95,"storeId":725782447,"__typename":"Product","approxPrice":false,"basicQuantityUnit":"KPL","comparisonPrice":11.88,"comparisonUnit":"KGM","consumerPackageSize":null,"consumerPackageUnit":null,"priceUnit":"KPL","quantityMultiplier":1,"brandName":"Kotimaista","slug":"kotimaista-80g-voisilmapulla","isAgeLimitedByAlcohol":false,"frozen":false,"packagingLabels":["Hyvää Suomesta (Sininen Joutsen)"],"packagingLabelCodes":["GOODS_FROM_FINLAND_BLUE_SWAN"],"hierarchyPath":[{"id":"Herkku_00000950","name":"Makeat leivonnaiset","slug":"leivat-keksit-ja-leivonnaiset-1/paistopisteen-tuotteet/makeat-leivonnaiset","__typename":"HierarchyPathItem"},{"id":"Herkku_00000154","name":"Paistopisteen tuotteet","slug":"leivat-keksit-ja-leivonnaiset-1/paistopisteen-tuotteet","__typename":"HierarchyPathItem"},{"id":"Herkku_00000008","name":"Leivät, keksit ja leivonnaiset","slug":"leivat-keksit-ja-leivonnaiset-1","__typename":"HierarchyPathItem"}],"isGlobalFallback":null,"countryName":{"fi":"Suomi","__typename":"CountryName"}},{"id":"2000503400008","ean":"2000503400008","name":"Avokado Hass Esikypsennetty","price":1.6,"storeId":725782447,"__typename":"Product","approxPrice":true,"basicQuantityUnit":"KPL","comparisonPrice":7.98,"comparisonUnit":"KGM","consumerPackageSize":null,"consumerPackageUnit":null,"priceUnit":"KPL","quantityMultiplier":1,"brandName":null,"slug":"avokado-hass-esikypsennetty","isAgeLimitedByAlcohol":false,"frozen":false,"packagingLabels":[],"packagingLabelCodes":[],"hierarchyPath":[{"id":"Herkku_00000195","name":"Avokadot","slug":"hedelmat-ja-vihannekset-1/hedelmat/avokadot","__typename":"HierarchyPathItem"},{"id":"Herkku_00000021","name":"Hedelmät","slug":"hedelmat-ja-vihannekset-1/hedelmat","__typename":"HierarchyPathItem"},{"id":"Herkku_00000001","name":"Hedelmät ja vihannekset","slug":"hedelmat-ja-vihannekset-1","__typename":"HierarchyPathItem"}],"isGlobalFallback":null,"countryName":{"fi":"Peru","__typename":"CountryName"}},{"id":"2000503600002","ean":"2000503600002","name":"Chiquita-banaani","price":0.33,"storeId":725782447,"__typename":"Product","approxPrice":true,"basicQuantityUnit":"KPL","comparisonPrice":1.75,"comparisonUnit":"KGM","consumerPackageSize":null,"consumerPackageUnit":null,"priceUnit":"KPL","quantityMultiplier":1,"brandName":"Chiquita","slug":"chiquita-banaani","isAgeLimitedByAlcohol":false,"frozen":false,"packagingLabels":[],"packagingLabelCodes":[],"hierarchyPath":[{"id":"Herkku_00000198","name":"Banaanit","slug":"hedelmat-ja-vihannekset-1/hedelmat/banaanit","__typename":"HierarchyPathItem"},{"id":"Herkku_00000021","name":"Hedelmät","slug":"hedelmat-ja-vihannekset-1/hedelmat","__typename":"HierarchyPathItem"},{"id":"Herkku_00000001","name":"Hedelmät ja vihannekset","slug":"hedelmat-ja-vihannekset-1","__typename":"HierarchyPathItem"}],"isGlobalFallback":null,"countryName":{"fi":"Panama","__typename":"CountryName"}},{"id":"2000503700009","ean":"2000503700009","name":"Banaani Luomu Reilun kaupan","price":0.4,"storeId":725782447,"__typename":"Product","approxPrice":true,"basicQuantityUnit":"KPL","comparisonPrice":2.09,"comparisonUnit":"KGM","consumerPackageSize":null,"consumerPackageUnit":null,"priceUnit":"KPL","quantityMultiplier":1,"brandName":"Reilun Kaupan","slug":"banaani-luomu-reilun-kaupan","isAgeLimitedByAlcohol":false,"frozen":false,"packagingLabels":[],"packagingLabelCodes":[],"hierarchyPath":[{"id":"Herkku_00000198","name":"Banaanit","slug":"hedelmat-ja-vihannekset-1/hedelmat/banaanit","__typename":"HierarchyPathItem"},{"id":"Herkku_00000021","name":"Hedelmät","slug":"hedelmat-ja-vihannekset-1/hedelmat","__typename":"HierarchyPathItem"},{"id":"Herkku_00000001","name":"Hedelmät ja vihannekset","slug":"hedelmat-ja-vihannekset-1","__typename":"HierarchyPathItem"}],"isGlobalFallback":null,"countryName":{"fi":"Peru","__typename":"CountryName"}},{"id":"2000504500004","ean":"2000504500004","name":"Granaattiomena","price":1.6,"storeId":725782447,"__typename":"Product","approxPrice":true,"basicQuantityUnit":"KPL","comparisonPrice":3.99,"comparisonUnit":"KGM","consumerPackageSize":null,"consumerPackageUnit":null,"priceUnit":"KPL","quantityMultiplier":1,"brandName":null,"slug":"granaattiomena","isAgeLimitedByAlcohol":false,"frozen":false,"packagingLabels":[],"packagingLabelCodes":[],"hierarchyPath":[{"id":"Herkku_00000190","name":"Muut hedelmät","slug":"hedelmat-ja-vihannekset-1/hedelmat/muut-hedelmat","__typename":"HierarchyPathItem"},{"id":"Herkku_00000021","name":"Hedelmät","slug":"hedelmat-ja-vihannekset-1/hedelmat","__typename":"HierarchyPathItem"},{"id":"Herkku_00000001","name":"Hedelmät ja vihannekset","slug":"hedelmat-ja-vihannekset-1","__typename":"HierarchyPathItem"}],"isGlobalFallback":null,"countryName":{"fi":"Espanja","__typename":"CountryName"}},{"id":"2000506600009","ean":"2000506600009","name":"Kiivi Hayward","price":0.44,"storeId":725782447,"__typename":"Product","approxPrice":true,"basicQuantityUnit":"KPL","comparisonPrice":3.99,"comparisonUnit":"KGM","consumerPackageSize":null,"consumerPackageUnit":null,"priceUnit":"KPL","quantityMultiplier":1,"brandName":null,"slug":"kiivi-hayward","isAgeLimitedByAlcohol":false,"frozen":false,"packagingLabels":[],"packagingLabelCodes":[],"hierarchyPath":[{"id":"Herkku_00000190","name":"Muut hedelmät","slug":"hedelmat-ja-vihannekset-1/hedelmat/muut-hedelmat","__typename":"HierarchyPathItem"},{"id":"Herkku_00000021","name":"Hedelmät","slug":"hedelmat-ja-vihannekset-1/hedelmat","__typename":"HierarchyPathItem"},{"id":"Herkku_00000001","name":"Hedelmät ja vihannekset","slug":"hedelmat-ja-vihannekset-1","__typename":"HierarchyPathItem"}],"isGlobalFallback":null,"countryName":{"fi":"Kreikka","__typename":"CountryName"}},{"id":"2000507500001","ean":"2000507500001","name":"Klementiini Espanja","price":0.4,"storeId":725782447,"__typename":"Product","approxPrice":true,"basicQuantityUnit":"KPL","comparisonPrice":2.69,"comparisonUnit":"KGM","consumerPackageSize":null,"consumerPackageUnit":null,"priceUnit":"KPL","quantityMultiplier":1,"brandName":null,"slug":"klementiini-espanja","isAgeLimitedByAlcohol":false,"frozen":false,"packagingLabels":[],"packagingLabelCodes":[],"hierarchyPath":[{"id":"1591691250826694","name":"Mandariinit","slug":"hedelmat-ja-vihannekset-1/hedelmat/mandariinit","__typename":"HierarchyPathItem"},{"id":"Herkku_00000021","name":"Hedelmät","slug":"hedelmat-ja-vihannekset-1/hedelmat","__typename":"HierarchyPathItem"},{"id":"Herkku_00000001","name":"Hedelmät ja vihannekset","slug":"hedelmat-ja-vihannekset-1","__typename":"HierarchyPathItem"}],"isGlobalFallback":null,"countryName":{"fi":"Espanja","__typename":"CountryName"}},{"id":"2000507900009","ean":"2000507900009","name":"Lime","price":0.48,"storeId":725782447,"__typename":"Product","approxPrice":true,"basicQuantityUnit":"KPL","comparisonPrice":3.19,"comparisonUnit":"KGM","consumerPackageSize":null,"consumerPackageUnit":null,"priceUnit":"KPL","quantityMultiplier":1,"brandName":null,"slug":"lime","isAgeLimitedByAlcohol":false,"frozen":false,"packagingLabels":[],"packagingLabelCodes":[],"hierarchyPath":[{"id":"1591691250826673","name":"Muut sitrushedelmät","slug":"hedelmat-ja-vihannekset-1/hedelmat/muut-sitrushedelmat","__typename":"HierarchyPathItem"},{"id":"Herkku_00000021","name":"Hedelmät","slug":"hedelmat-ja-vihannekset-1/hedelmat","__typename":"HierarchyPathItem"},{"id":"Herkku_00000001","name":"Hedelmät ja vihannekset","slug":"hedelmat-ja-vihannekset-1","__typename":"HierarchyPathItem"}],"isGlobalFallback":null,"countryName":{"fi":"Brasilia","__typename":"CountryName"}},{"id":"2000512300009","ean":"2000512300009","name":"Rainbow munakoiso 225+ Espanja","price":1.17,"storeId":725782447,"__typename":"Product","approxPrice":true,"basicQuantityUnit":"KPL","comparisonPrice":4.69,"comparisonUnit":"KGM","consumerPackageSize":null,"consumerPackageUnit":null,"priceUnit":"KPL","quantityMultiplier":1,"brandName":"Rainbow","slug":"rainbow-munakoiso-225-espanja","isAgeLimitedByAlcohol":false,"frozen":false,"packagingLabels":[],"packagingLabelCodes":[],"hierarchyPath":[{"id":"Herkku_00000202","name":"Muut vihannekset","slug":"hedelmat-ja-vihannekset-1/vihannekset/muut-vihannekset","__typename":"HierarchyPathItem"},{"id":"Herkku_00000023","name":"Vihannekset","slug":"hedelmat-ja-vihannekset-1/vihannekset","__typename":"HierarchyPathItem"},{"id":"Herkku_00000001","name":"Hedelmät ja vihannekset","slug":"hedelmat-ja-vihannekset-1","__typename":"HierarchyPathItem"}],"isGlobalFallback":null,"countryName":{"fi":"Espanja","__typename":"CountryName"}},{"id":"2000514300007","ean":"2000514300007","name":"Omena Golden Delicious I Italia","price":0.52,"storeId":725782447,"__typename":"Product","approxPrice":true,"basicQuantityUnit":"KPL","comparisonPrice":2.59,"comparisonUnit":"KGM","consumerPackageSize":null,"consumerPackageUnit":null,"priceUnit":"KPL","quantityMultiplier":1,"brandName":null,"slug":"omena-golden-delicious-i-italia","isAgeLimitedByAlcohol":false,"frozen":false,"packagingLabels":[],"packagingLabelCodes":[],"hierarchyPath":[{"id":"Herkku_00000196","name":"Omenat","slug":"hedelmat-ja-vihannekset-1/hedelmat/omenat","__typename":"HierarchyPathItem"},{"id":"Herkku_00000021","name":"Hedelmät","slug":"hedelmat-ja-vihannekset-1/hedelmat","__typename":"HierarchyPathItem"},{"id":"Herkku_00000001","name":"Hedelmät ja vihannekset","slug":"hedelmat-ja-vihannekset-1","__typename":"HierarchyPathItem"}],"isGlobalFallback":null,"countryName":{"fi":"Italia","__typename":"CountryName"}},{"id":"2000514600008","ean":"2000514600008","name":"Omena Red Delicious Italia","price":0.54,"storeId":725782447,"__typename":"Product","approxPrice":true,"basicQuantityUnit":"KPL","comparisonPrice":2.69,"comparisonUnit":"KGM","consumerPackageSize":null,"consumerPackageUnit":null,"priceUnit":"KPL","quantityMultiplier":1,"brandName":null,"slug":"omena-red-delicious-italia","isAgeLimitedByAlcohol":false,"frozen":false,"packagingLabels":[],"packagingLabelCodes":[],"hierarchyPath":[{"id":"Herkku_00000196","name":"Omenat","slug":"hedelmat-ja-vihannekset-1/hedelmat/omenat","__typename":"HierarchyPathItem"},{"id":"Herkku_00000021","name":"Hedelmät","slug":"hedelmat-ja-vihannekset-1/hedelmat","__typename":"HierarchyPathItem"},{"id":"Herkku_00000001","name":"Hedelmät ja vihannekset","slug":"hedelmat-ja-vihannekset-1","__typename":"HierarchyPathItem"}],"isGlobalFallback":null,"countryName":{"fi":"Italia","__typename":"CountryName"}},{"id":"2000515400003","ean":"2000515400003","name":"Omena I Suomi","price":0.36,"storeId":725782447,"__typename":"Product","approxPrice":true,"basicQuantityUnit":"KPL","comparisonPrice":3.59,"comparisonUnit":"KGM","consumerPackageSize":null,"consumerPackageUnit":null,"priceUnit":"KPL","quantityMultiplier":1,"brandName":null,"slug":"omena-i-suomi","isAgeLimitedByAlcohol":false,"frozen":false,"packagingLabels":[],"packagingLabelCodes":[],"hierarchyPath":[{"id":"Herkku_00000196","name":"Omenat","slug":"hedelmat-ja-vihannekset-1/hedelmat/omenat","__typename":"HierarchyPathItem"},{"id":"Herkku_00000021","name":"Hedelmät","slug":"hedelmat-ja-vihannekset-1/hedelmat","__typename":"HierarchyPathItem"},{"id":"Herkku_00000001","name":"Hedelmät ja vihannekset","slug":"hedelmat-ja-vihannekset-1","__typename":"HierarchyPathItem"}],"isGlobalFallback":null,"countryName":{"fi":"Suomi","__typename":"CountryName"}},{"id":"2000515600007","ean":"2000515600007","name":"Omena Honey Crunch","price":1.6,"storeId":725782447,"__typename":"Product","approxPrice":true,"basicQuantityUnit":"KPL","comparisonPrice":3.99,"comparisonUnit":"KGM","consumerPackageSize":null,"consumerPackageUnit":null,"priceUnit":"KPL","quantityMultiplier":1,"brandName":null,"slug":"omena-honey-crunch","isAgeLimitedByAlcohol":false,"frozen":false,"packagingLabels":[],"packagingLabelCodes":[],"hierarchyPath":[{"id":"Herkku_00000196","name":"Omenat","slug":"hedelmat-ja-vihannekset-1/hedelmat/omenat","__typename":"HierarchyPathItem"},{"id":"Herkku_00000021","name":"Hedelmät","slug":"hedelmat-ja-vihannekset-1/hedelmat","__typename":"HierarchyPathItem"},{"id":"Herkku_00000001","name":"Hedelmät ja vihannekset","slug":"hedelmat-ja-vihannekset-1","__typename":"HierarchyPathItem"}],"isGlobalFallback":null,"countryName":{"fi":"Ranska","__typename":"CountryName"}},{"id":"2000519200005","ean":"2000519200005","name":"Omena Ida Red","price":0.21,"storeId":725782447,"__typename":"Product","approxPrice":true,"basicQuantityUnit":"KPL","comparisonPrice":1.29,"comparisonUnit":"KGM","consumerPackageSize":null,"consumerPackageUnit":null,"priceUnit":"KPL","quantityMultiplier":1,"brandName":null,"slug":"omena-ida-red","isAgeLimitedByAlcohol":false,"frozen":false,"packagingLabels":[],"packagingLabelCodes":[],"hierarchyPath":[{"id":"Herkku_00000196","name":"Omenat","slug":"hedelmat-ja-vihannekset-1/hedelmat/omenat","__typename":"HierarchyPathItem"},{"id":"Herkku_00000021","name":"Hedelmät","slug":"hedelmat-ja-vihannekset-1/hedelmat","__typename":"HierarchyPathItem"},{"id":"Herkku_00000001","name":"Hedelmät ja vihannekset","slug":"hedelmat-ja-vihannekset-1","__typename":"HierarchyPathItem"}],"isGlobalFallback":null,"countryName":{"fi":"Puola","__typename":"CountryName"}},{"id":"2000522100002","ean":"2000522100002","name":"Päärynä Conference I Alankomaat","price":0.62,"storeId":725782447,"__typename":"Product","approxPrice":true,"basicQuantityUnit":"KPL","comparisonPrice":2.49,"comparisonUnit":"KGM","consumerPackageSize":null,"consumerPackageUnit":null,"priceUnit":"KPL","quantityMultiplier":1,"brandName":null,"slug":"paaryna-conference-i-alankomaat","isAgeLimitedByAlcohol":false,"frozen":false,"packagingLabels":[],"packagingLabelCodes":[],"hierarchyPath":[{"id":"Herkku_00000193","name":"Päärynät","slug":"hedelmat-ja-vihannekset-1/hedelmat/paarynat","__typename":"HierarchyPathItem"},{"id":"Herkku_00000021","name":"Hedelmät","slug":"hedelmat-ja-vihannekset-1/hedelmat","__typename":"HierarchyPathItem"},{"id":"Herkku_00000001","name":"Hedelmät ja vihannekset","slug":"hedelmat-ja-vihannekset-1","__typename":"HierarchyPathItem"}],"isGlobalFallback":null,"countryName":{"fi":"Alankomaat","__typename":"CountryName"}},{"id":"2000523300005","ean":"2000523300005","name":"Päärynä Sweet Sensation I Hollanti","price":0.8,"storeId":725782447,"__typename":"Product","approxPrice":true,"basicQuantityUnit":"KPL","comparisonPrice":3.98,"comparisonUnit":"KGM","consumerPackageSize":null,"consumerPackageUnit":null,"priceUnit":"KPL","quantityMultiplier":1,"brandName":null,"slug":"paaryna-sweet-sensation-i-hollanti","isAgeLimitedByAlcohol":false,"frozen":false,"packagingLabels":[],"packagingLabelCodes":[],"hierarchyPath":[{"id":"Herkku_00000193","name":"Päärynät","slug":"hedelmat-ja-vihannekset-1/hedelmat/paarynat","__typename":"HierarchyPathItem"},{"id":"Herkku_00000021","name":"Hedelmät","slug":"hedelmat-ja-vihannekset-1/hedelmat","__typename":"HierarchyPathItem"},{"id":"Herkku_00000001","name":"Hedelmät ja vihannekset","slug":"hedelmat-ja-vihannekset-1","__typename":"HierarchyPathItem"}],"isGlobalFallback":null,"countryName":{"fi":"Alankomaat","__typename":"CountryName"}},{"id":"2000523600006","ean":"2000523600006","name":"Päärynä Concorde I Suomi","price":0.82,"storeId":725782447,"__typename":"Product","approxPrice":true,"basicQuantityUnit":"KPL","comparisonPrice":4.09,"comparisonUnit":"KGM","consumerPackageSize":null,"consumerPackageUnit":null,"priceUnit":"KPL","quantityMultiplier":1,"brandName":null,"slug":"paaryna-concorde-i-suomi","isAgeLimitedByAlcohol":false,"frozen":false,"packagingLabels":[],"packagingLabelCodes":[],"hierarchyPath":[{"id":"Herkku_00000193","name":"Päärynät","slug":"hedelmat-ja-vihannekset-1/hedelmat/paarynat","__typename":"HierarchyPathItem"},{"id":"Herkku_00000021","name":"Hedelmät","slug":"hedelmat-ja-vihannekset-1/hedelmat","__typename":"HierarchyPathItem"},{"id":"Herkku_00000001","name":"Hedelmät ja vihannekset","slug":"hedelmat-ja-vihannekset-1","__typename":"HierarchyPathItem"}],"isGlobalFallback":null,"countryName":{"fi":"Suomi","__typename":"CountryName"}},{"id":"2000529900001","ean":"2000529900001","name":"Vesimeloni Palana","price":3.14,"storeId":725782447,"__typename":"Product","approxPrice":true,"basicQuantityUnit":"KPL","comparisonPrice":3.49,"comparisonUnit":"KGM","consumerPackageSize":null,"consumerPackageUnit":null,"priceUnit":"KPL","quantityMultiplier":1,"brandName":null,"slug":"vesimeloni-palana","isAgeLimitedByAlcohol":false,"frozen":false,"packagingLabels":[],"packagingLabelCodes":[],"hierarchyPath":[{"id":"Herkku_00000201","name":"Melonit","slug":"hedelmat-ja-vihannekset-1/hedelmat/melonit","__typename":"HierarchyPathItem"},{"id":"Herkku_00000021","name":"Hedelmät","slug":"hedelmat-ja-vihannekset-1/hedelmat","__typename":"HierarchyPathItem"},{"id":"Herkku_00000001","name":"Hedelmät ja vihannekset","slug":"hedelmat-ja-vihannekset-1","__typename":"HierarchyPathItem"}],"isGlobalFallback":null,"countryName":{"fi":"Espanja","__typename":"CountryName"}},{"id":"2000597500004","ean":"2000597500004","name":"Sipuli 50-70mm II Suomi","price":0.32,"storeId":725782447,"__typename":"Product","approxPrice":true,"basicQuantityUnit":"KPL","comparisonPrice":1.75,"comparisonUnit":"KGM","consumerPackageSize":null,"consumerPackageUnit":null,"priceUnit":"KPL","quantityMultiplier":1,"brandName":null,"slug":"sipuli-50-70mm-ii-suomi","isAgeLimitedByAlcohol":false,"frozen":false,"packagingLabels":[],"packagingLabelCodes":[],"hierarchyPath":[{"id":"StructureGroup_507756644246826","name":"Sipulit","slug":"hedelmat-ja-vihannekset-1/vihannekset/sipulit","__typename":"HierarchyPathItem"},{"id":"Herkku_00000023","name":"Vihannekset","slug":"hedelmat-ja-vihannekset-1/vihannekset","__typename":"HierarchyPathItem"},{"id":"Herkku_00000001","name":"Hedelmät ja vihannekset","slug":"hedelmat-ja-vihannekset-1","__typename":"HierarchyPathItem"}],"isGlobalFallback":null,"countryName":{"fi":"Suomi","__typename":"CountryName"}},{"id":"2000598800004","ean":"2000598800004","name":"Kurkku Espanja","price":1.64,"storeId":725782447,"__typename":"Product","approxPrice":true,"basicQuantityUnit":"KPL","comparisonPrice":4.09,"comparisonUnit":"KGM","consumerPackageSize":null,"consumerPackageUnit":null,"priceUnit":"KPL","quantityMultiplier":1,"brandName":null,"slug":"kurkku-espanja","isAgeLimitedByAlcohol":false,"frozen":false,"packagingLabels":[],"packagingLabelCodes":[],"hierarchyPath":[{"id":"Herkku_00000209","name":"Kurkut","slug":"hedelmat-ja-vihannekset-1/vihannekset/kurkut","__typename":"HierarchyPathItem"},{"id":"Herkku_00000023","name":"Vihannekset","slug":"hedelmat-ja-vihannekset-1/vihannekset","__typename":"HierarchyPathItem"},{"id":"Herkku_00000001","name":"Hedelmät ja vihannekset","slug":"hedelmat-ja-vihannekset-1","__typename":"HierarchyPathItem"}],"isGlobalFallback":null,"countryName":{"fi":"Espanja","__typename":"CountryName"}},{"id":"2000600200006","ean":"2000600200006","name":"Chili Punainen Medium 5","price":0.17,"storeId":725782447,"__typename":"Product","approxPrice":true,"basicQuantityUnit":"KPL","comparisonPrice":8.49,"comparisonUnit":"KGM","consumerPackageSize":null,"consumerPackageUnit":null,"priceUnit":"KPL","quantityMultiplier":1,"brandName":null,"slug":"chili-punainen-medium-5","isAgeLimitedByAlcohol":false,"frozen":false,"packagingLabels":[],"packagingLabelCodes":[],"hierarchyPath":[{"id":"StructureGroup_507756644246825","name":"Paprikat","slug":"hedelmat-ja-vihannekset-1/vihannekset/paprikat","__typename":"HierarchyPathItem"},{"id":"Herkku_00000023","name":"Vihannekset","slug":"hedelmat-ja-vihannekset-1/vihannekset","__typename":"HierarchyPathItem"},{"id":"Herkku_00000001","name":"Hedelmät ja vihannekset","slug":"hedelmat-ja-vihannekset-1","__typename":"HierarchyPathItem"}],"isGlobalFallback":null,"countryName":{"fi":"Espanja","__typename":"CountryName"}},{"id":"2000602800006","ean":"2000602800006","name":"Kesäkurpitsa vihreä","price":0.99,"storeId":725782447,"__typename":"Product","approxPrice":true,"basicQuantityUnit":"KPL","comparisonPrice":3.29,"comparisonUnit":"KGM","consumerPackageSize":null,"consumerPackageUnit":null,"priceUnit":"KPL","quantityMultiplier":1,"brandName":null,"slug":"kesakurpitsa-vihrea","isAgeLimitedByAlcohol":false,"frozen":false,"packagingLabels":[],"packagingLabelCodes":[],"hierarchyPath":[{"id":"Herkku_00000207","name":"Kurpitsat","slug":"hedelmat-ja-vihannekset-1/vihannekset/kurpitsat","__typename":"HierarchyPathItem"},{"id":"Herkku_00000023","name":"Vihannekset","slug":"hedelmat-ja-vihannekset-1/vihannekset","__typename":"HierarchyPathItem"},{"id":"Herkku_00000001","name":"Hedelmät ja vihannekset","slug":"hedelmat-ja-vihannekset-1","__typename":"HierarchyPathItem"}],"isGlobalFallback":null,"countryName":{"fi":"Espanja","__typename":"CountryName"}},{"id":"2000604700007","ean":"2000604700007","name":"Kurkku Suomi","price":1.92,"storeId":725782447,"__typename":"Product","approxPrice":true,"basicQuantityUnit":"KPL","comparisonPrice":5.49,"comparisonUnit":"KGM","consumerPackageSize":null,"consumerPackageUnit":null,"priceUnit":"KPL","quantityMultiplier":1,"brandName":null,"slug":"kurkku-suomi","isAgeLimitedByAlcohol":false,"frozen":false,"packagingLabels":[],"packagingLabelCodes":[],"hierarchyPath":[{"id":"Herkku_00000209","name":"Kurkut","slug":"hedelmat-ja-vihannekset-1/vihannekset/kurkut","__typename":"HierarchyPathItem"},{"id":"Herkku_00000023","name":"Vihannekset","slug":"hedelmat-ja-vihannekset-1/vihannekset","__typename":"HierarchyPathItem"},{"id":"Herkku_00000001","name":"Hedelmät ja vihannekset","slug":"hedelmat-ja-vihannekset-1","__typename":"HierarchyPathItem"}],"isGlobalFallback":null,"countryName":{"fi":"Suomi","__typename":"CountryName"}},{"id":"2000606800002","ean":"2000606800002","name":"Rainbow Jäävuorisalaatti Pakattu","price":3.29,"storeId":725782447,"__typename":"Product","approxPrice":false,"basicQuantityUnit":"KPL","comparisonPrice":3.29,"comparisonUnit":"KGM","consumerPackageSize":null,"consumerPackageUnit":null,"priceUnit":"KPL","quantityMultiplier":1,"brandName":"Rainbow","slug":"rainbow-jaavuorisalaatti-pakattu","isAgeLimitedByAlcohol":false,"frozen":false,"packagingLabels":[],"packagingLabelCodes":[],"hierarchyPath":[{"id":"Herkku_00000208","name":"Salaatit","slug":"hedelmat-ja-vihannekset-1/vihannekset/salaatit","__typename":"HierarchyPathItem"},{"id":"Herkku_00000023","name":"Vihannekset","slug":"hedelmat-ja-vihannekset-1/vihannekset","__typename":"HierarchyPathItem"},{"id":"Herkku_00000001","name":"Hedelmät ja vihannekset","slug":"hedelmat-ja-vihannekset-1","__typename":"HierarchyPathItem"}],"isGlobalFallback":null,"countryName":null},{"id":"2000607300006","ean":"2000607300006","name":"Kotimaista kiinankaali pakattu","price":2.19,"storeId":725782447,"__typename":"Product","approxPrice":true,"basicQuantityUnit":"KPL","comparisonPrice":4.39,"comparisonUnit":"KGM","consumerPackageSize":null,"consumerPackageUnit":null,"priceUnit":"KPL","quantityMultiplier":1,"brandName":"Kotimaista","slug":"kotimaista-kiinankaali-pakattu","isAgeLimitedByAlcohol":false,"frozen":false,"packagingLabels":["Sirkkalehtilippu"],"packagingLabelCodes":["PUHTAASTI_KOTIMAINEN"],"hierarchyPath":[{"id":"Herkku_00000202","name":"Muut vihannekset","slug":"hedelmat-ja-vihannekset-1/vihannekset/muut-vihannekset","__typename":"HierarchyPathItem"},{"id":"Herkku_00000023","name":"Vihannekset","slug":"hedelmat-ja-vihannekset-1/vihannekset","__typename":"HierarchyPathItem"},{"id":"Herkku_00000001","name":"Hedelmät ja vihannekset","slug":"hedelmat-ja-vihannekset-1","__typename":"HierarchyPathItem"}],"isGlobalFallback":null,"countryName":{"fi":"Suomi","__typename":"CountryName"}},{"id":"2000614100002","ean":"2000614100002","name":"Tomaatti Espanja/Alankomaat","price":0.33,"storeId":725782447,"__typename":"Product","approxPrice":true,"basicQuantityUnit":"KPL","comparisonPrice":2.79,"comparisonUnit":"KGM","consumerPackageSize":null,"consumerPackageUnit":null,"priceUnit":"KPL","quantityMultiplier":1,"brandName":null,"slug":"tomaatti-espanjaalankomaat","isAgeLimitedByAlcohol":false,"frozen":false,"packagingLabels":[],"packagingLabelCodes":[],"hierarchyPath":[{"id":"Herkku_00000203","name":"Tomaatit","slug":"hedelmat-ja-vihannekset-1/vihannekset/tomaatit","__typename":"HierarchyPathItem"},{"id":"Herkku_00000023","name":"Vihannekset","slug":"hedelmat-ja-vihannekset-1/vihannekset","__typename":"HierarchyPathItem"},{"id":"Herkku_00000001","name":"Hedelmät ja vihannekset","slug":"hedelmat-ja-vihannekset-1","__typename":"HierarchyPathItem"}],"isGlobalFallback":null,"countryName":{"fi":"Espanja","__typename":"CountryName"}},{"id":"2000614400003","ean":"2000614400003","name":"Tomaatti Suomi","price":0.61,"storeId":725782447,"__typename":"Product","approxPrice":true,"basicQuantityUnit":"KPL","comparisonPrice":6.79,"comparisonUnit":"KGM","consumerPackageSize":null,"consumerPackageUnit":null,"priceUnit":"KPL","quantityMultiplier":1,"brandName":null,"slug":"tomaatti-suomi","isAgeLimitedByAlcohol":false,"frozen":false,"packagingLabels":[],"packagingLabelCodes":[],"hierarchyPath":[{"id":"Herkku_00000203","name":"Tomaatit","slug":"hedelmat-ja-vihannekset-1/vihannekset/tomaatit","__typename":"HierarchyPathItem"},{"id":"Herkku_00000023","name":"Vihannekset","slug":"hedelmat-ja-vihannekset-1/vihannekset","__typename":"HierarchyPathItem"},{"id":"Herkku_00000001","name":"Hedelmät ja vihannekset","slug":"hedelmat-ja-vihannekset-1","__typename":"HierarchyPathItem"}],"isGlobalFallback":null,"countryName":{"fi":"Suomi","__typename":"CountryName"}},{"id":"2000618100008","ean":"2000618100008","name":"Yleisperuna Harjattu Keltainen Suomi","price":0.12,"storeId":725782447,"__typename":"Product","approxPrice":true,"basicQuantityUnit":"KPL","comparisonPrice":0.99,"comparisonUnit":"KGM","consumerPackageSize":null,"consumerPackageUnit":null,"priceUnit":"KPL","quantityMultiplier":1,"brandName":null,"slug":"yleisperuna-harjattu-keltainen-suomi","isAgeLimitedByAlcohol":false,"frozen":false,"packagingLabels":[],"packagingLabelCodes":[],"hierarchyPath":[{"id":"Herkku_00000183","name":"Perunat","slug":"hedelmat-ja-vihannekset-1/juurekset/perunat","__typename":"HierarchyPathItem"},{"id":"Herkku_00000019","name":"Juurekset","slug":"hedelmat-ja-vihannekset-1/juurekset","__typename":"HierarchyPathItem"},{"id":"Herkku_00000001","name":"Hedelmät ja vihannekset","slug":"hedelmat-ja-vihannekset-1","__typename":"HierarchyPathItem"}],"isGlobalFallback":null,"countryName":{"fi":"Suomi","__typename":"CountryName"}},{"id":"2000618400009","ean":"2000618400009","name":"Yleisperuna pesty I Suomi","price":0.15,"storeId":725782447,"__typename":"Product","approxPrice":true,"basicQuantityUnit":"KPL","comparisonPrice":1.25,"comparisonUnit":"KGM","consumerPackageSize":null,"consumerPackageUnit":null,"priceUnit":"KPL","quantityMultiplier":1,"brandName":null,"slug":"yleisperuna-pesty-i-suomi","isAgeLimitedByAlcohol":false,"frozen":false,"packagingLabels":[],"packagingLabelCodes":[],"hierarchyPath":[{"id":"Herkku_00000183","name":"Perunat","slug":"hedelmat-ja-vihannekset-1/juurekset/perunat","__typename":"HierarchyPathItem"},{"id":"Herkku_00000019","name":"Juurekset","slug":"hedelmat-ja-vihannekset-1/juurekset","__typename":"HierarchyPathItem"},{"id":"Herkku_00000001","name":"Hedelmät ja vihannekset","slug":"hedelmat-ja-vihannekset-1","__typename":"HierarchyPathItem"}],"isGlobalFallback":null,"countryName":{"fi":"Suomi","__typename":"CountryName"}},{"id":"2000626100007","ean":"2000626100007","name":"Bataatti irto","price":1,"storeId":725782447,"__typename":"Product","approxPrice":true,"basicQuantityUnit":"KPL","comparisonPrice":2.49,"comparisonUnit":"KGM","consumerPackageSize":null,"consumerPackageUnit":null,"priceUnit":"KPL","quantityMultiplier":1,"brandName":null,"slug":"bataatti-irto","isAgeLimitedByAlcohol":false,"frozen":false,"packagingLabels":[],"packagingLabelCodes":[],"hierarchyPath":[{"id":"Herkku_00000185","name":"Muut juurekset","slug":"hedelmat-ja-vihannekset-1/juurekset/muut-juurekset","__typename":"HierarchyPathItem"},{"id":"Herkku_00000019","name":"Juurekset","slug":"hedelmat-ja-vihannekset-1/juurekset","__typename":"HierarchyPathItem"},{"id":"Herkku_00000001","name":"Hedelmät ja vihannekset","slug":"hedelmat-ja-vihannekset-1","__typename":"HierarchyPathItem"}],"isGlobalFallback":null,"countryName":{"fi":"Egypti","__typename":"CountryName"}},{"id":"2000627800005","ean":"2000627800005","name":"Rainbow Paprika Punainen pakattu I Espanja","price":0.98,"storeId":725782447,"__typename":"Product","approxPrice":true,"basicQuantityUnit":"KPL","comparisonPrice":4.89,"comparisonUnit":"KGM","consumerPackageSize":null,"consumerPackageUnit":null,"priceUnit":"KPL","quantityMultiplier":1,"brandName":"Rainbow","slug":"rainbow-paprika-punainen-pakattu-i-espanja","isAgeLimitedByAlcohol":false,"frozen":false,"packagingLabels":[],"packagingLabelCodes":[],"hierarchyPath":[{"id":"StructureGroup_507756644246825","name":"Paprikat","slug":"hedelmat-ja-vihannekset-1/vihannekset/paprikat","__typename":"HierarchyPathItem"},{"id":"Herkku_00000023","name":"Vihannekset","slug":"hedelmat-ja-vihannekset-1/vihannekset","__typename":"HierarchyPathItem"},{"id":"Herkku_00000001","name":"Hedelmät ja vihannekset","slug":"hedelmat-ja-vihannekset-1","__typename":"HierarchyPathItem"}],"isGlobalFallback":null,"countryName":{"fi":"Espanja","__typename":"CountryName"}},{"id":"2000627900002","ean":"2000627900002","name":"Rainbow paprika keltainen pakattu Espanja","price":0.92,"storeId":725782447,"__typename":"Product","approxPrice":true,"basicQuantityUnit":"KPL","comparisonPrice":4.59,"comparisonUnit":"KGM","consumerPackageSize":null,"consumerPackageUnit":null,"priceUnit":"KPL","quantityMultiplier":1,"brandName":"Rainbow","slug":"rainbow-paprika-keltainen-pakattu-espanja","isAgeLimitedByAlcohol":false,"frozen":false,"packagingLabels":[],"packagingLabelCodes":[],"hierarchyPath":[{"id":"StructureGroup_507756644246825","name":"Paprikat","slug":"hedelmat-ja-vihannekset-1/vihannekset/paprikat","__typename":"HierarchyPathItem"},{"id":"Herkku_00000023","name":"Vihannekset","slug":"hedelmat-ja-vihannekset-1/vihannekset","__typename":"HierarchyPathItem"},{"id":"Herkku_00000001","name":"Hedelmät ja vihannekset","slug":"hedelmat-ja-vihannekset-1","__typename":"HierarchyPathItem"}],"isGlobalFallback":null,"countryName":{"fi":"Espanja","__typename":"CountryName"}},{"id":"2001405900009","ean":"2001405900009","name":"Inkivääri luomu","price":0.4,"storeId":725782447,"__typename":"Product","approxPrice":true,"basicQuantityUnit":"KPL","comparisonPrice":4.98,"comparisonUnit":"KGM","consumerPackageSize":null,"consumerPackageUnit":null,"priceUnit":"KPL","quantityMultiplier":1,"brandName":null,"slug":"inkivaari-luomu","isAgeLimitedByAlcohol":false,"frozen":false,"packagingLabels":[],"packagingLabelCodes":[],"hierarchyPath":[{"id":"Herkku_00000185","name":"Muut juurekset","slug":"hedelmat-ja-vihannekset-1/juurekset/muut-juurekset","__typename":"HierarchyPathItem"},{"id":"Herkku_00000019","name":"Juurekset","slug":"hedelmat-ja-vihannekset-1/juurekset","__typename":"HierarchyPathItem"},{"id":"Herkku_00000001","name":"Hedelmät ja vihannekset","slug":"hedelmat-ja-vihannekset-1","__typename":"HierarchyPathItem"}],"isGlobalFallback":null,"countryName":{"fi":"Kiina","__typename":"CountryName"}},{"id":"2001416800008","ean":"2001416800008","name":"Munkkimiehet Herkkumunkki laktoositon 90g","price":1.79,"storeId":725782447,"__typename":"Product","approxPrice":false,"basicQuantityUnit":"KPL","comparisonPrice":19.89,"comparisonUnit":"KGM","consumerPackageSize":null,"consumerPackageUnit":null,"priceUnit":"KPL","quantityMultiplier":1,"brandName":"Munkkimiehet","slug":"munkkimiehet-herkkumunkki-laktoositon-90g","isAgeLimitedByAlcohol":false,"frozen":false,"packagingLabels":[],"packagingLabelCodes":[],"hierarchyPath":[{"id":"Herkku_00000950","name":"Makeat leivonnaiset","slug":"leivat-keksit-ja-leivonnaiset-1/paistopisteen-tuotteet/makeat-leivonnaiset","__typename":"HierarchyPathItem"},{"id":"Herkku_00000154","name":"Paistopisteen tuotteet","slug":"leivat-keksit-ja-leivonnaiset-1/paistopisteen-tuotteet","__typename":"HierarchyPathItem"},{"id":"Herkku_00000008","name":"Leivät, keksit ja leivonnaiset","slug":"leivat-keksit-ja-leivonnaiset-1","__typename":"HierarchyPathItem"}],"isGlobalFallback":null,"countryName":{"fi":"Suomi","__typename":"CountryName"}},{"id":"2001417500006","ean":"2001417500006","name":"Munkkimiehet Wienermunkki laktoositon 70g","price":1.65,"storeId":725782447,"__typename":"Product","approxPrice":false,"basicQuantityUnit":"KPL","comparisonPrice":23.57,"comparisonUnit":"KGM","consumerPackageSize":null,"consumerPackageUnit":null,"priceUnit":"KPL","quantityMultiplier":1,"brandName":"Munkkimiehet","slug":"munkkimiehet-wienermunkki-laktoositon-70g","isAgeLimitedByAlcohol":false,"frozen":false,"packagingLabels":[],"packagingLabelCodes":[],"hierarchyPath":[{"id":"Herkku_00000950","name":"Makeat leivonnaiset","slug":"leivat-keksit-ja-leivonnaiset-1/paistopisteen-tuotteet/makeat-leivonnaiset","__typename":"HierarchyPathItem"},{"id":"Herkku_00000154","name":"Paistopisteen tuotteet","slug":"leivat-keksit-ja-leivonnaiset-1/paistopisteen-tuotteet","__typename":"HierarchyPathItem"},{"id":"Herkku_00000008","name":"Leivät, keksit ja leivonnaiset","slug":"leivat-keksit-ja-leivonnaiset-1","__typename":"HierarchyPathItem"}],"isGlobalFallback":null,"countryName":{"fi":"Suomi","__typename":"CountryName"}},{"id":"2001853500004","ean":"2001853500004","name":"JUUSTOSÄMPYLÄ","price":0.9,"storeId":725782447,"__typename":"Product","approxPrice":false,"basicQuantityUnit":"KPL","comparisonPrice":13.85,"comparisonUnit":"PCE","consumerPackageSize":null,"consumerPackageUnit":null,"priceUnit":"KPL","quantityMultiplier":1,"brandName":"Jussinhannan Leipä","slug":"juustosampyla","isAgeLimitedByAlcohol":false,"frozen":false,"packagingLabels":[],"packagingLabelCodes":[],"hierarchyPath":[{"id":"1591691250986233","name":"Sämpylät","slug":"leivat-keksit-ja-leivonnaiset-1/leivat/sampylat","__typename":"HierarchyPathItem"},{"id":"StructureGroup_1796559627347513","name":"Leivät","slug":"leivat-keksit-ja-leivonnaiset-1/leivat","__typename":"HierarchyPathItem"},{"id":"Herkku_00000008","name":"Leivät, keksit ja leivonnaiset","slug":"leivat-keksit-ja-leivonnaiset-1","__typename":"HierarchyPathItem"}],"isGlobalFallback":null,"countryName":{"fi":"Suomi","__typename":"CountryName"}},{"id":"2001854200002","ean":"2001854200002","name":"Penttilän porkkanarieska","price":0.45,"storeId":725782447,"__typename":"Product","approxPrice":false,"basicQuantityUnit":"KPL","comparisonPrice":8.18,"comparisonUnit":"KGM","consumerPackageSize":null,"consumerPackageUnit":null,"priceUnit":"KPL","quantityMultiplier":1,"brandName":null,"slug":"penttilan-porkkanarieska","isAgeLimitedByAlcohol":false,"frozen":false,"packagingLabels":[],"packagingLabelCodes":[],"hierarchyPath":[{"id":"Herkku_00000953","name":"Tuoreet palaleivät","slug":"leivat-keksit-ja-leivonnaiset-1/paistopisteen-tuotteet/tuoreet-palaleivat","__typename":"HierarchyPathItem"},{"id":"Herkku_00000154","name":"Paistopisteen tuotteet","slug":"leivat-keksit-ja-leivonnaiset-1/paistopisteen-tuotteet","__typename":"HierarchyPathItem"},{"id":"Herkku_00000008","name":"Leivät, keksit ja leivonnaiset","slug":"leivat-keksit-ja-leivonnaiset-1","__typename":"HierarchyPathItem"}],"isGlobalFallback":null,"countryName":{"fi":"Suomi","__typename":"CountryName"}},{"id":"2002245400001","ean":"2002245400001","name":"PIPARIPULLA","price":1.45,"storeId":725782447,"__typename":"Product","approxPrice":false,"basicQuantityUnit":"KPL","comparisonPrice":32.22,"comparisonUnit":"KGM","consumerPackageSize":null,"consumerPackageUnit":null,"priceUnit":"KPL","quantityMultiplier":1,"brandName":"Jussinhannan Leipä","slug":"piparipulla","isAgeLimitedByAlcohol":false,"frozen":false,"packagingLabels":[],"packagingLabelCodes":[],"hierarchyPath":[{"id":"Herkku_00000950","name":"Makeat leivonnaiset","slug":"leivat-keksit-ja-leivonnaiset-1/paistopisteen-tuotteet/makeat-leivonnaiset","__typename":"HierarchyPathItem"},{"id":"Herkku_00000154","name":"Paistopisteen tuotteet","slug":"leivat-keksit-ja-leivonnaiset-1/paistopisteen-tuotteet","__typename":"HierarchyPathItem"},{"id":"Herkku_00000008","name":"Leivät, keksit ja leivonnaiset","slug":"leivat-keksit-ja-leivonnaiset-1","__typename":"HierarchyPathItem"}],"isGlobalFallback":null,"countryName":{"fi":"Suomi","__typename":"CountryName"}},{"id":"2002247100008","ean":"2002247100008","name":"Purjo irto","price":1.12,"storeId":725782447,"__typename":"Product","approxPrice":true,"basicQuantityUnit":"KPL","comparisonPrice":2.95,"comparisonUnit":"KGM","consumerPackageSize":null,"consumerPackageUnit":null,"priceUnit":"KPL","quantityMultiplier":1,"brandName":null,"slug":"purjo-irto","isAgeLimitedByAlcohol":false,"frozen":false,"packagingLabels":[],"packagingLabelCodes":[],"hierarchyPath":[{"id":"Herkku_00000202","name":"Muut vihannekset","slug":"hedelmat-ja-vihannekset-1/vihannekset/muut-vihannekset","__typename":"HierarchyPathItem"},{"id":"Herkku_00000023","name":"Vihannekset","slug":"hedelmat-ja-vihannekset-1/vihannekset","__typename":"HierarchyPathItem"},{"id":"Herkku_00000001","name":"Hedelmät ja vihannekset","slug":"hedelmat-ja-vihannekset-1","__typename":"HierarchyPathItem"}],"isGlobalFallback":null,"countryName":{"fi":"Alankomaat","__typename":"CountryName"}},{"id":"2002283900006","ean":"2002283900006","name":"Fazer Dumle munkki 106g","price":1.55,"storeId":725782447,"__typename":"Product","approxPrice":false,"basicQuantityUnit":"KPL","comparisonPrice":14.62,"comparisonUnit":"KGM","consumerPackageSize":null,"consumerPackageUnit":null,"priceUnit":"KPL","quantityMultiplier":1,"brandName":"Fazer","slug":"fazer-dumle-munkki-106g","isAgeLimitedByAlcohol":false,"frozen":false,"packagingLabels":["Avainlippu"],"packagingLabelCodes":["MADE_IN_FINLAND_FLAG_WITH_KEY"],"hierarchyPath":[{"id":"Herkku_00000950","name":"Makeat leivonnaiset","slug":"leivat-keksit-ja-leivonnaiset-1/paistopisteen-tuotteet/makeat-leivonnaiset","__typename":"HierarchyPathItem"},{"id":"Herkku_00000154","name":"Paistopisteen tuotteet","slug":"leivat-keksit-ja-leivonnaiset-1/paistopisteen-tuotteet","__typename":"HierarchyPathItem"},{"id":"Herkku_00000008","name":"Leivät, keksit ja leivonnaiset","slug":"leivat-keksit-ja-leivonnaiset-1","__typename":"HierarchyPathItem"}],"isGlobalFallback":null,"countryName":{"fi":"Suomi","__typename":"CountryName"}},{"id":"2002795000003","ean":"2002795000003","name":"PITKÄN JUSSIN UNIKKOSÄMP","price":0.9,"storeId":725782447,"__typename":"Product","approxPrice":false,"basicQuantityUnit":"KPL","comparisonPrice":13.85,"comparisonUnit":"PCE","consumerPackageSize":null,"consumerPackageUnit":null,"priceUnit":"KPL","quantityMultiplier":1,"brandName":"Jussinhannan Leipä","slug":"pitkan-jussin-unikkosamp","isAgeLimitedByAlcohol":false,"frozen":false,"packagingLabels":[],"packagingLabelCodes":[],"hierarchyPath":[{"id":"1591691250986233","name":"Sämpylät","slug":"leivat-keksit-ja-leivonnaiset-1/leivat/sampylat","__typename":"HierarchyPathItem"},{"id":"StructureGroup_1796559627347513","name":"Leivät","slug":"leivat-keksit-ja-leivonnaiset-1/leivat","__typename":"HierarchyPathItem"},{"id":"Herkku_00000008","name":"Leivät, keksit ja leivonnaiset","slug":"leivat-keksit-ja-leivonnaiset-1","__typename":"HierarchyPathItem"}],"isGlobalFallback":null,"countryName":{"fi":"Suomi","__typename":"CountryName"}},{"id":"2003123900002","ean":"2003123900002","name":"Rainbow Vaniljadonitsi 70g","price":0.89,"storeId":725782447,"__typename":"Product","approxPrice":false,"basicQuantityUnit":"KPL","comparisonPrice":12.71,"comparisonUnit":"KGM","consumerPackageSize":null,"consumerPackageUnit":null,"priceUnit":"KPL","quantityMultiplier":1,"brandName":"Rainbow","slug":"rainbow-vaniljadonitsi-70g","isAgeLimitedByAlcohol":false,"frozen":false,"packagingLabels":[],"packagingLabelCodes":[],"hierarchyPath":[{"id":"Herkku_00000950","name":"Makeat leivonnaiset","slug":"leivat-keksit-ja-leivonnaiset-1/paistopisteen-tuotteet/makeat-leivonnaiset","__typename":"HierarchyPathItem"},{"id":"Herkku_00000154","name":"Paistopisteen tuotteet","slug":"leivat-keksit-ja-leivonnaiset-1/paistopisteen-tuotteet","__typename":"HierarchyPathItem"},{"id":"Herkku_00000008","name":"Leivät, keksit ja leivonnaiset","slug":"leivat-keksit-ja-leivonnaiset-1","__typename":"HierarchyPathItem"}],"isGlobalFallback":null,"countryName":{"fi":"Liettua","__typename":"CountryName"}},{"id":"2003187800003","ean":"2003187800003","name":"Rainbow Lihapiirakka 180g","price":1.25,"storeId":725782447,"__typename":"Product","approxPrice":false,"basicQuantityUnit":"KPL","comparisonPrice":6.94,"comparisonUnit":"KGM","consumerPackageSize":null,"consumerPackageUnit":null,"priceUnit":"KPL","quantityMultiplier":1,"brandName":"Rainbow","slug":"rainbow-lihapiirakka-180g","isAgeLimitedByAlcohol":false,"frozen":false,"packagingLabels":[],"packagingLabelCodes":[],"hierarchyPath":[{"id":"Herkku_00000951","name":"Välipalatuotteet","slug":"ruokatori/valmisruoka/valipalatuotteet","__typename":"HierarchyPathItem"},{"id":"Herkku_00000182","name":"Valmisruoka","slug":"ruokatori/valmisruoka","__typename":"HierarchyPathItem"},{"id":"StructureGroup_1796559627348384","name":"Ruokatori","slug":"ruokatori","__typename":"HierarchyPathItem"}],"isGlobalFallback":null,"countryName":{"fi":"Suomi","__typename":"CountryName"}},{"id":"2003253500004","ean":"2003253500004","name":"LIHAPULLA-KASVISPANNU","price":13.5,"storeId":725782447,"__typename":"Product","approxPrice":true,"basicQuantityUnit":"KG","comparisonPrice":13.5,"comparisonUnit":"KGM","consumerPackageSize":null,"consumerPackageUnit":null,"priceUnit":"KG","quantityMultiplier":0.1,"brandName":null,"slug":"lihapulla-kasvispannu","isAgeLimitedByAlcohol":false,"frozen":false,"packagingLabels":[],"packagingLabelCodes":[],"hierarchyPath":[{"id":"Herkku_00001057","name":"Muu valmisruoka","slug":"ruokatori/valmisruoka/muu-valmisruoka","__typename":"HierarchyPathItem"},{"id":"Herkku_00000182","name":"Valmisruoka","slug":"ruokatori/valmisruoka","__typename":"HierarchyPathItem"},{"id":"StructureGroup_1796559627348384","name":"Ruokatori","slug":"ruokatori","__typename":"HierarchyPathItem"}],"isGlobalFallback":null,"countryName":{"fi":"Suomi","__typename":"CountryName"}},{"id":"2003286200001","ean":"2003286200001","name":"Myllyn Paras Lihapasteija 63g pakaste","price":0.75,"storeId":725782447,"__typename":"Product","approxPrice":false,"basicQuantityUnit":"KPL","comparisonPrice":11.9,"comparisonUnit":"KGM","consumerPackageSize":null,"consumerPackageUnit":null,"priceUnit":"KPL","quantityMultiplier":1,"brandName":"Myllyn Paras","slug":"myllyn-paras-lihapasteija-63g-pakaste","isAgeLimitedByAlcohol":false,"frozen":false,"packagingLabels":[],"packagingLabelCodes":[],"hierarchyPath":[{"id":"Herkku_00000951","name":"Välipalatuotteet","slug":"ruokatori/valmisruoka/valipalatuotteet","__typename":"HierarchyPathItem"},{"id":"Herkku_00000182","name":"Valmisruoka","slug":"ruokatori/valmisruoka","__typename":"HierarchyPathItem"},{"id":"StructureGroup_1796559627348384","name":"Ruokatori","slug":"ruokatori","__typename":"HierarchyPathItem"}],"isGlobalFallback":null,"countryName":{"fi":"Suomi","__typename":"CountryName"}},{"id":"2003305600003","ean":"2003305600003","name":"Persimon Espanja","price":0.8,"storeId":725782447,"__typename":"Product","approxPrice":true,"basicQuantityUnit":"KPL","comparisonPrice":3.19,"comparisonUnit":"KGM","consumerPackageSize":null,"consumerPackageUnit":null,"priceUnit":"KPL","quantityMultiplier":1,"brandName":null,"slug":"persimon-espanja","isAgeLimitedByAlcohol":false,"frozen":false,"packagingLabels":[],"packagingLabelCodes":[],"hierarchyPath":[{"id":"Herkku_00000190","name":"Muut hedelmät","slug":"hedelmat-ja-vihannekset-1/hedelmat/muut-hedelmat","__typename":"HierarchyPathItem"},{"id":"Herkku_00000021","name":"Hedelmät","slug":"hedelmat-ja-vihannekset-1/hedelmat","__typename":"HierarchyPathItem"},{"id":"Herkku_00000001","name":"Hedelmät ja vihannekset","slug":"hedelmat-ja-vihannekset-1","__typename":"HierarchyPathItem"}],"isGlobalFallback":null,"countryName":null},{"id":"2003505600001","ean":"2003505600001","name":"Omena Royal Gala 75 80 Italia","price":0.5,"storeId":725782447,"__typename":"Product","approxPrice":true,"basicQuantityUnit":"KPL","comparisonPrice":2.49,"comparisonUnit":"KGM","consumerPackageSize":null,"consumerPackageUnit":null,"priceUnit":"KPL","quantityMultiplier":1,"brandName":null,"slug":"omena-royal-gala-75-80-italia","isAgeLimitedByAlcohol":false,"frozen":false,"packagingLabels":[],"packagingLabelCodes":[],"hierarchyPath":[{"id":"Herkku_00000196","name":"Omenat","slug":"hedelmat-ja-vihannekset-1/hedelmat/omenat","__typename":"HierarchyPathItem"},{"id":"Herkku_00000021","name":"Hedelmät","slug":"hedelmat-ja-vihannekset-1/hedelmat","__typename":"HierarchyPathItem"},{"id":"Herkku_00000001","name":"Hedelmät ja vihannekset","slug":"hedelmat-ja-vihannekset-1","__typename":"HierarchyPathItem"}],"isGlobalFallback":null,"countryName":{"fi":"Italia","__typename":"CountryName"}},{"id":"2003510400009","ean":"2003510400009","name":"JUUSTOCROISSANT","price":1.85,"storeId":725782447,"__typename":"Product","approxPrice":false,"basicQuantityUnit":"KPL","comparisonPrice":30.83,"comparisonUnit":"PCE","consumerPackageSize":null,"consumerPackageUnit":null,"priceUnit":"KPL","quantityMultiplier":1,"brandName":"Jussinhannan Leipä","slug":"juustocroissant","isAgeLimitedByAlcohol":false,"frozen":false,"packagingLabels":[],"packagingLabelCodes":[],"hierarchyPath":[{"id":"Herkku_00000951","name":"Välipalatuotteet","slug":"ruokatori/valmisruoka/valipalatuotteet","__typename":"HierarchyPathItem"},{"id":"Herkku_00000182","name":"Valmisruoka","slug":"ruokatori/valmisruoka","__typename":"HierarchyPathItem"},{"id":"StructureGroup_1796559627348384","name":"Ruokatori","slug":"ruokatori","__typename":"HierarchyPathItem"}],"isGlobalFallback":null,"countryName":{"fi":"Ranska","__typename":"CountryName"}},{"id":"2003711600000","ean":"2003711600000","name":"BROILERIA&RATATOUILLE","price":15.9,"storeId":725782447,"__typename":"Product","approxPrice":true,"basicQuantityUnit":"KG","comparisonPrice":15.9,"comparisonUnit":"KGM","consumerPackageSize":null,"consumerPackageUnit":null,"priceUnit":"KG","quantityMultiplier":0.1,"brandName":null,"slug":"broileriaandratatouille","isAgeLimitedByAlcohol":false,"frozen":false,"packagingLabels":[],"packagingLabelCodes":[],"hierarchyPath":[{"id":"Herkku_00001057","name":"Muu valmisruoka","slug":"ruokatori/valmisruoka/muu-valmisruoka","__typename":"HierarchyPathItem"},{"id":"Herkku_00000182","name":"Valmisruoka","slug":"ruokatori/valmisruoka","__typename":"HierarchyPathItem"},{"id":"StructureGroup_1796559627348384","name":"Ruokatori","slug":"ruokatori","__typename":"HierarchyPathItem"}],"isGlobalFallback":null,"countryName":{"fi":"Suomi","__typename":"CountryName"}},{"id":"2004198100007","ean":"2004198100007","name":"Keräkaali","price":2.98,"storeId":725782447,"__typename":"Product","approxPrice":true,"basicQuantityUnit":"KPL","comparisonPrice":1.49,"comparisonUnit":"KGM","consumerPackageSize":null,"consumerPackageUnit":null,"priceUnit":"KPL","quantityMultiplier":1,"brandName":null,"slug":"kerakaali","isAgeLimitedByAlcohol":false,"frozen":false,"packagingLabels":[],"packagingLabelCodes":[],"hierarchyPath":[{"id":"StructureGroup_507756644246827","name":"Kaalit","slug":"hedelmat-ja-vihannekset-1/vihannekset/kaalit","__typename":"HierarchyPathItem"},{"id":"Herkku_00000023","name":"Vihannekset","slug":"hedelmat-ja-vihannekset-1/vihannekset","__typename":"HierarchyPathItem"},{"id":"Herkku_00000001","name":"Hedelmät ja vihannekset","slug":"hedelmat-ja-vihannekset-1","__typename":"HierarchyPathItem"}],"isGlobalFallback":null,"countryName":{"fi":"Suomi","__typename":"CountryName"}},{"id":"2004899000002","ean":"2004899000002","name":"Herkku Preps hirvipihvit ja kermaperunaa","price":20.9,"storeId":725782447,"__typename":"Product","approxPrice":true,"basicQuantityUnit":"KPL","comparisonPrice":20.9,"comparisonUnit":"KGM","consumerPackageSize":null,"consumerPackageUnit":null,"priceUnit":"KPL","quantityMultiplier":1,"brandName":"Herkku Preps","slug":"herkku-preps-hirvipihvit-ja-kermaperunaa","isAgeLimitedByAlcohol":false,"frozen":false,"packagingLabels":[],"packagingLabelCodes":[],"hierarchyPath":[{"id":"Herkku_00001057","name":"Muu valmisruoka","slug":"ruokatori/valmisruoka/muu-valmisruoka","__typename":"HierarchyPathItem"},{"id":"Herkku_00000182","name":"Valmisruoka","slug":"ruokatori/valmisruoka","__typename":"HierarchyPathItem"},{"id":"StructureGroup_1796559627348384","name":"Ruokatori","slug":"ruokatori","__typename":"HierarchyPathItem"}],"isGlobalFallback":null,"countryName":{"fi":"Suomi","__typename":"CountryName"}},{"id":"2005023400002","ean":"2005023400002","name":"Sitruuna I Espanja","price":0.33,"storeId":725782447,"__typename":"Product","approxPrice":true,"basicQuantityUnit":"KPL","comparisonPrice":2.79,"comparisonUnit":"KGM","consumerPackageSize":null,"consumerPackageUnit":null,"priceUnit":"KPL","quantityMultiplier":1,"brandName":null,"slug":"sitruuna-i-espanja","isAgeLimitedByAlcohol":false,"frozen":false,"packagingLabels":[],"packagingLabelCodes":[],"hierarchyPath":[{"id":"1591691250826669","name":"Sitruunat","slug":"hedelmat-ja-vihannekset-1/hedelmat/sitruunat","__typename":"HierarchyPathItem"},{"id":"Herkku_00000021","name":"Hedelmät","slug":"hedelmat-ja-vihannekset-1/hedelmat","__typename":"HierarchyPathItem"},{"id":"Herkku_00000001","name":"Hedelmät ja vihannekset","slug":"hedelmat-ja-vihannekset-1","__typename":"HierarchyPathItem"}],"isGlobalFallback":null,"countryName":{"fi":"Espanja","__typename":"CountryName"}},{"id":"2005543100000","ean":"2005543100000","name":"KUHAA HOLLANDAISE","price":16.95,"storeId":725782447,"__typename":"Product","approxPrice":true,"basicQuantityUnit":"KG","comparisonPrice":16.95,"comparisonUnit":"KGM","consumerPackageSize":null,"consumerPackageUnit":null,"priceUnit":"KG","quantityMultiplier":0.7,"brandName":null,"slug":"kuhaa-hollandaise","isAgeLimitedByAlcohol":false,"frozen":false,"packagingLabels":[],"packagingLabelCodes":[],"hierarchyPath":[{"id":"Herkku_00001057","name":"Muu valmisruoka","slug":"ruokatori/valmisruoka/muu-valmisruoka","__typename":"HierarchyPathItem"},{"id":"Herkku_00000182","name":"Valmisruoka","slug":"ruokatori/valmisruoka","__typename":"HierarchyPathItem"},{"id":"StructureGroup_1796559627348384","name":"Ruokatori","slug":"ruokatori","__typename":"HierarchyPathItem"}],"isGlobalFallback":null,"countryName":{"fi":"Suomi","__typename":"CountryName"}},{"id":"2005588600008","ean":"2005588600008","name":"MOZZARELLA-PESTOPASTA","price":13.5,"storeId":725782447,"__typename":"Product","approxPrice":true,"basicQuantityUnit":"KG","comparisonPrice":13.5,"comparisonUnit":"KGM","consumerPackageSize":null,"consumerPackageUnit":null,"priceUnit":"KG","quantityMultiplier":0.1,"brandName":null,"slug":"mozzarella-pestopasta","isAgeLimitedByAlcohol":false,"frozen":false,"packagingLabels":[],"packagingLabelCodes":[],"hierarchyPath":[{"id":"Herkku_00001057","name":"Muu valmisruoka","slug":"ruokatori/valmisruoka/muu-valmisruoka","__typename":"HierarchyPathItem"},{"id":"Herkku_00000182","name":"Valmisruoka","slug":"ruokatori/valmisruoka","__typename":"HierarchyPathItem"},{"id":"StructureGroup_1796559627348384","name":"Ruokatori","slug":"ruokatori","__typename":"HierarchyPathItem"}],"isGlobalFallback":null,"countryName":{"fi":"Suomi","__typename":"CountryName"}},{"id":"2006014900006","ean":"2006014900006","name":"Fazer Berliininmunkki 115g myymäläsulatus kypsä sulatettava pakastemunkki","price":1.55,"storeId":725782447,"__typename":"Product","approxPrice":false,"basicQuantityUnit":"KPL","comparisonPrice":13.48,"comparisonUnit":"KGM","consumerPackageSize":null,"consumerPackageUnit":null,"priceUnit":"KPL","quantityMultiplier":1,"brandName":"Fazer","slug":"fazer-berliininmunkki-115g-myymalasulatus-kypsa-sulatettava-pakastemunkki","isAgeLimitedByAlcohol":false,"frozen":false,"packagingLabels":[],"packagingLabelCodes":[],"hierarchyPath":[{"id":"Herkku_00000950","name":"Makeat leivonnaiset","slug":"leivat-keksit-ja-leivonnaiset-1/paistopisteen-tuotteet/makeat-leivonnaiset","__typename":"HierarchyPathItem"},{"id":"Herkku_00000154","name":"Paistopisteen tuotteet","slug":"leivat-keksit-ja-leivonnaiset-1/paistopisteen-tuotteet","__typename":"HierarchyPathItem"},{"id":"Herkku_00000008","name":"Leivät, keksit ja leivonnaiset","slug":"leivat-keksit-ja-leivonnaiset-1","__typename":"HierarchyPathItem"}],"isGlobalFallback":null,"countryName":{"fi":"Suomi","__typename":"CountryName"}},{"id":"2006168300004","ean":"2006168300004","name":"VANILJAPULLA","price":1,"storeId":725782447,"__typename":"Product","approxPrice":false,"basicQuantityUnit":"KPL","comparisonPrice":15.38,"comparisonUnit":"PCE","consumerPackageSize":null,"consumerPackageUnit":null,"priceUnit":"KPL","quantityMultiplier":1,"brandName":"Jussinhannan Leipä","slug":"vaniljapulla","isAgeLimitedByAlcohol":false,"frozen":false,"packagingLabels":[],"packagingLabelCodes":[],"hierarchyPath":[{"id":"Herkku_00000950","name":"Makeat leivonnaiset","slug":"leivat-keksit-ja-leivonnaiset-1/paistopisteen-tuotteet/makeat-leivonnaiset","__typename":"HierarchyPathItem"},{"id":"Herkku_00000154","name":"Paistopisteen tuotteet","slug":"leivat-keksit-ja-leivonnaiset-1/paistopisteen-tuotteet","__typename":"HierarchyPathItem"},{"id":"Herkku_00000008","name":"Leivät, keksit ja leivonnaiset","slug":"leivat-keksit-ja-leivonnaiset-1","__typename":"HierarchyPathItem"}],"isGlobalFallback":null,"countryName":{"fi":"Suomi","__typename":"CountryName"}},{"id":"2007177700007","ean":"2007177700007","name":"BOSTONPULLA","price":1.95,"storeId":725782447,"__typename":"Product","approxPrice":false,"basicQuantityUnit":"KPL","comparisonPrice":21.67,"comparisonUnit":"PCE","consumerPackageSize":null,"consumerPackageUnit":null,"priceUnit":"KPL","quantityMultiplier":1,"brandName":"Jussinhannan Leipä","slug":"bostonpulla","isAgeLimitedByAlcohol":false,"frozen":false,"packagingLabels":[],"packagingLabelCodes":[],"hierarchyPath":[{"id":"Herkku_00000950","name":"Makeat leivonnaiset","slug":"leivat-keksit-ja-leivonnaiset-1/paistopisteen-tuotteet/makeat-leivonnaiset","__typename":"HierarchyPathItem"},{"id":"Herkku_00000154","name":"Paistopisteen tuotteet","slug":"leivat-keksit-ja-leivonnaiset-1/paistopisteen-tuotteet","__typename":"HierarchyPathItem"},{"id":"Herkku_00000008","name":"Leivät, keksit ja leivonnaiset","slug":"leivat-keksit-ja-leivonnaiset-1","__typename":"HierarchyPathItem"}],"isGlobalFallback":null,"countryName":{"fi":"Suomi","__typename":"CountryName"}},{"id":"2007177900001","ean":"2007177900001","name":"KORVAPUUSTI","price":1.15,"storeId":725782447,"__typename":"Product","approxPrice":false,"basicQuantityUnit":"KPL","comparisonPrice":10.45,"comparisonUnit":"PCE","consumerPackageSize":null,"consumerPackageUnit":null,"priceUnit":"KPL","quantityMultiplier":1,"brandName":"Jussinhannan Leipä","slug":"korvapuusti","isAgeLimitedByAlcohol":false,"frozen":false,"packagingLabels":[],"packagingLabelCodes":[],"hierarchyPath":[{"id":"Herkku_00000950","name":"Makeat leivonnaiset","slug":"leivat-keksit-ja-leivonnaiset-1/paistopisteen-tuotteet/makeat-leivonnaiset","__typename":"HierarchyPathItem"},{"id":"Herkku_00000154","name":"Paistopisteen tuotteet","slug":"leivat-keksit-ja-leivonnaiset-1/paistopisteen-tuotteet","__typename":"HierarchyPathItem"},{"id":"Herkku_00000008","name":"Leivät, keksit ja leivonnaiset","slug":"leivat-keksit-ja-leivonnaiset-1","__typename":"HierarchyPathItem"}],"isGlobalFallback":null,"countryName":{"fi":"Suomi","__typename":"CountryName"}},{"id":"2007178000007","ean":"2007178000007","name":"CROISSANT","price":1.6,"storeId":725782447,"__typename":"Product","approxPrice":false,"basicQuantityUnit":"KPL","comparisonPrice":29.09,"comparisonUnit":"PCE","consumerPackageSize":null,"consumerPackageUnit":null,"priceUnit":"KPL","quantityMultiplier":1,"brandName":"Jussinhannan Leipä","slug":"croissant","isAgeLimitedByAlcohol":false,"frozen":false,"packagingLabels":[],"packagingLabelCodes":[],"hierarchyPath":[{"id":"Herkku_00000950","name":"Makeat leivonnaiset","slug":"leivat-keksit-ja-leivonnaiset-1/paistopisteen-tuotteet/makeat-leivonnaiset","__typename":"HierarchyPathItem"},{"id":"Herkku_00000154","name":"Paistopisteen tuotteet","slug":"leivat-keksit-ja-leivonnaiset-1/paistopisteen-tuotteet","__typename":"HierarchyPathItem"},{"id":"Herkku_00000008","name":"Leivät, keksit ja leivonnaiset","slug":"leivat-keksit-ja-leivonnaiset-1","__typename":"HierarchyPathItem"}],"isGlobalFallback":null,"countryName":{"fi":"Suomi","__typename":"CountryName"}},{"id":"2007214500003","ean":"2007214500003","name":"POSSUMUNKKI","price":1.8,"storeId":725782447,"__typename":"Product","approxPrice":false,"basicQuantityUnit":"KPL","comparisonPrice":18.95,"comparisonUnit":"PCE","consumerPackageSize":null,"consumerPackageUnit":null,"priceUnit":"KPL","quantityMultiplier":1,"brandName":"Jussinhannan Leipä","slug":"possumunkki","isAgeLimitedByAlcohol":false,"frozen":false,"packagingLabels":[],"packagingLabelCodes":[],"hierarchyPath":[{"id":"Herkku_00000950","name":"Makeat leivonnaiset","slug":"leivat-keksit-ja-leivonnaiset-1/paistopisteen-tuotteet/makeat-leivonnaiset","__typename":"HierarchyPathItem"},{"id":"Herkku_00000154","name":"Paistopisteen tuotteet","slug":"leivat-keksit-ja-leivonnaiset-1/paistopisteen-tuotteet","__typename":"HierarchyPathItem"},{"id":"Herkku_00000008","name":"Leivät, keksit ja leivonnaiset","slug":"leivat-keksit-ja-leivonnaiset-1","__typename":"HierarchyPathItem"}],"isGlobalFallback":null,"countryName":{"fi":"Suomi","__typename":"CountryName"}},{"id":"2007234200006","ean":"2007234200006","name":"OMENAWIENER","price":1.95,"storeId":725782447,"__typename":"Product","approxPrice":false,"basicQuantityUnit":"KPL","comparisonPrice":24.38,"comparisonUnit":"PCE","consumerPackageSize":null,"consumerPackageUnit":null,"priceUnit":"KPL","quantityMultiplier":1,"brandName":"Jussinhannan Leipä","slug":"omenawiener","isAgeLimitedByAlcohol":false,"frozen":false,"packagingLabels":[],"packagingLabelCodes":[],"hierarchyPath":[{"id":"Herkku_00000950","name":"Makeat leivonnaiset","slug":"leivat-keksit-ja-leivonnaiset-1/paistopisteen-tuotteet/makeat-leivonnaiset","__typename":"HierarchyPathItem"},{"id":"Herkku_00000154","name":"Paistopisteen tuotteet","slug":"leivat-keksit-ja-leivonnaiset-1/paistopisteen-tuotteet","__typename":"HierarchyPathItem"},{"id":"Herkku_00000008","name":"Leivät, keksit ja leivonnaiset","slug":"leivat-keksit-ja-leivonnaiset-1","__typename":"HierarchyPathItem"}],"isGlobalFallback":null,"countryName":{"fi":"Suomi","__typename":"CountryName"}},{"id":"2007234400000","ean":"2007234400000","name":"KERMATYYNY LUUMU","price":1.95,"storeId":725782447,"__typename":"Product","approxPrice":false,"basicQuantityUnit":"KPL","comparisonPrice":27.86,"comparisonUnit":"PCE","consumerPackageSize":null,"consumerPackageUnit":null,"priceUnit":"KPL","quantityMultiplier":1,"brandName":"Jussinhannan Leipä","slug":"kermatyyny-luumu","isAgeLimitedByAlcohol":false,"frozen":false,"packagingLabels":[],"packagingLabelCodes":[],"hierarchyPath":[{"id":"Herkku_00000950","name":"Makeat leivonnaiset","slug":"leivat-keksit-ja-leivonnaiset-1/paistopisteen-tuotteet/makeat-leivonnaiset","__typename":"HierarchyPathItem"},{"id":"Herkku_00000154","name":"Paistopisteen tuotteet","slug":"leivat-keksit-ja-leivonnaiset-1/paistopisteen-tuotteet","__typename":"HierarchyPathItem"},{"id":"Herkku_00000008","name":"Leivät, keksit ja leivonnaiset","slug":"leivat-keksit-ja-leivonnaiset-1","__typename":"HierarchyPathItem"}],"isGlobalFallback":null,"countryName":{"fi":"Suomi","__typename":"CountryName"}},{"id":"2007234500007","ean":"2007234500007","name":"TANSKALAINEN WIENER","price":1.95,"storeId":725782447,"__typename":"Product","approxPrice":false,"basicQuantityUnit":"KPL","comparisonPrice":27.86,"comparisonUnit":"PCE","consumerPackageSize":null,"consumerPackageUnit":null,"priceUnit":"KPL","quantityMultiplier":1,"brandName":"Jussinhannan Leipä","slug":"tanskalainen-wiener","isAgeLimitedByAlcohol":false,"frozen":false,"packagingLabels":[],"packagingLabelCodes":[],"hierarchyPath":[{"id":"Herkku_00000950","name":"Makeat leivonnaiset","slug":"leivat-keksit-ja-leivonnaiset-1/paistopisteen-tuotteet/makeat-leivonnaiset","__typename":"HierarchyPathItem"},{"id":"Herkku_00000154","name":"Paistopisteen tuotteet","slug":"leivat-keksit-ja-leivonnaiset-1/paistopisteen-tuotteet","__typename":"HierarchyPathItem"},{"id":"Herkku_00000008","name":"Leivät, keksit ja leivonnaiset","slug":"leivat-keksit-ja-leivonnaiset-1","__typename":"HierarchyPathItem"}],"isGlobalFallback":null,"countryName":{"fi":"Suomi","__typename":"CountryName"}},{"id":"2007235200005","ean":"2007235200005","name":"TÄYTEMUNKKI","price":2.15,"storeId":725782447,"__typename":"Product","approxPrice":false,"basicQuantityUnit":"KPL","comparisonPrice":17.92,"comparisonUnit":"PCE","consumerPackageSize":null,"consumerPackageUnit":null,"priceUnit":"KPL","quantityMultiplier":1,"brandName":"Jussinhannan Leipä","slug":"taytemunkki","isAgeLimitedByAlcohol":false,"frozen":false,"packagingLabels":[],"packagingLabelCodes":[],"hierarchyPath":[{"id":"Herkku_00000950","name":"Makeat leivonnaiset","slug":"leivat-keksit-ja-leivonnaiset-1/paistopisteen-tuotteet/makeat-leivonnaiset","__typename":"HierarchyPathItem"},{"id":"Herkku_00000154","name":"Paistopisteen tuotteet","slug":"leivat-keksit-ja-leivonnaiset-1/paistopisteen-tuotteet","__typename":"HierarchyPathItem"},{"id":"Herkku_00000008","name":"Leivät, keksit ja leivonnaiset","slug":"leivat-keksit-ja-leivonnaiset-1","__typename":"HierarchyPathItem"}],"isGlobalFallback":null,"countryName":{"fi":"Suomi","__typename":"CountryName"}},{"id":"2007359500005","ean":"2007359500005","name":"PJ GRAHAMSÄMPYLÄ","price":0.9,"storeId":725782447,"__typename":"Product","approxPrice":false,"basicQuantityUnit":"KPL","comparisonPrice":13.85,"comparisonUnit":"PCE","consumerPackageSize":null,"consumerPackageUnit":null,"priceUnit":"KPL","quantityMultiplier":1,"brandName":"Jussinhannan Leipä","slug":"pj-grahamsampyla","isAgeLimitedByAlcohol":false,"frozen":false,"packagingLabels":[],"packagingLabelCodes":[],"hierarchyPath":[{"id":"1591691250986233","name":"Sämpylät","slug":"leivat-keksit-ja-leivonnaiset-1/leivat/sampylat","__typename":"HierarchyPathItem"},{"id":"StructureGroup_1796559627347513","name":"Leivät","slug":"leivat-keksit-ja-leivonnaiset-1/leivat","__typename":"HierarchyPathItem"},{"id":"Herkku_00000008","name":"Leivät, keksit ja leivonnaiset","slug":"leivat-keksit-ja-leivonnaiset-1","__typename":"HierarchyPathItem"}],"isGlobalFallback":null,"countryName":{"fi":"Suomi","__typename":"CountryName"}},{"id":"2007860100008","ean":"2007860100008","name":"KINKKUJUUSTOCROISSANT","price":2,"storeId":725782447,"__typename":"Product","approxPrice":false,"basicQuantityUnit":"KPL","comparisonPrice":33.33,"comparisonUnit":"PCE","consumerPackageSize":null,"consumerPackageUnit":null,"priceUnit":"KPL","quantityMultiplier":1,"brandName":"Jussinhannan Leipä","slug":"kinkkujuustocroissant","isAgeLimitedByAlcohol":false,"frozen":false,"packagingLabels":[],"packagingLabelCodes":[],"hierarchyPath":[{"id":"Herkku_00000951","name":"Välipalatuotteet","slug":"ruokatori/valmisruoka/valipalatuotteet","__typename":"HierarchyPathItem"},{"id":"Herkku_00000182","name":"Valmisruoka","slug":"ruokatori/valmisruoka","__typename":"HierarchyPathItem"},{"id":"StructureGroup_1796559627348384","name":"Ruokatori","slug":"ruokatori","__typename":"HierarchyPathItem"}],"isGlobalFallback":null,"countryName":{"fi":"Suomi","__typename":"CountryName"}},{"id":"2008695500001","ean":"2008695500001","name":"Juurespala mix Suomi","price":3.49,"storeId":725782447,"__typename":"Product","approxPrice":true,"basicQuantityUnit":"KPL","comparisonPrice":6.98,"comparisonUnit":"KGM","consumerPackageSize":null,"consumerPackageUnit":null,"priceUnit":"KPL","quantityMultiplier":1,"brandName":null,"slug":"juurespala-mix-suomi","isAgeLimitedByAlcohol":false,"frozen":false,"packagingLabels":[],"packagingLabelCodes":[],"hierarchyPath":[{"id":"Herkku_00000185","name":"Muut juurekset","slug":"hedelmat-ja-vihannekset-1/juurekset/muut-juurekset","__typename":"HierarchyPathItem"},{"id":"Herkku_00000019","name":"Juurekset","slug":"hedelmat-ja-vihannekset-1/juurekset","__typename":"HierarchyPathItem"},{"id":"Herkku_00000001","name":"Hedelmät ja vihannekset","slug":"hedelmat-ja-vihannekset-1","__typename":"HierarchyPathItem"}],"isGlobalFallback":null,"countryName":{"fi":"Suomi","__typename":"CountryName"}},{"id":"2008891300009","ean":"2008891300009","name":"Fazer Omar munkki 100g myymäläsulatus kypsä sulatettava pakastemunkki","price":1.55,"storeId":725782447,"__typename":"Product","approxPrice":false,"basicQuantityUnit":"KPL","comparisonPrice":15.5,"comparisonUnit":"KGM","consumerPackageSize":null,"consumerPackageUnit":null,"priceUnit":"KPL","quantityMultiplier":1,"brandName":"Fazer","slug":"fazer-omar-munkki-100g-myymalasulatus-kypsa-sulatettava-pakastemunkki","isAgeLimitedByAlcohol":false,"frozen":false,"packagingLabels":[],"packagingLabelCodes":[],"hierarchyPath":[{"id":"Herkku_00000950","name":"Makeat leivonnaiset","slug":"leivat-keksit-ja-leivonnaiset-1/paistopisteen-tuotteet/makeat-leivonnaiset","__typename":"HierarchyPathItem"},{"id":"Herkku_00000154","name":"Paistopisteen tuotteet","slug":"leivat-keksit-ja-leivonnaiset-1/paistopisteen-tuotteet","__typename":"HierarchyPathItem"},{"id":"Herkku_00000008","name":"Leivät, keksit ja leivonnaiset","slug":"leivat-keksit-ja-leivonnaiset-1","__typename":"HierarchyPathItem"}],"isGlobalFallback":null,"countryName":{"fi":"Suomi","__typename":"CountryName"}},{"id":"2009122800008","ean":"2009122800008","name":"TERIYAKILOHI&WOKKASVIKSET","price":15.95,"storeId":725782447,"__typename":"Product","approxPrice":true,"basicQuantityUnit":"KG","comparisonPrice":15.95,"comparisonUnit":"KGM","consumerPackageSize":null,"consumerPackageUnit":null,"priceUnit":"KG","quantityMultiplier":0.7,"brandName":null,"slug":"teriyakilohiandwokkasvikset","isAgeLimitedByAlcohol":false,"frozen":false,"packagingLabels":[],"packagingLabelCodes":[],"hierarchyPath":[{"id":"Herkku_00001057","name":"Muu valmisruoka","slug":"ruokatori/valmisruoka/muu-valmisruoka","__typename":"HierarchyPathItem"},{"id":"Herkku_00000182","name":"Valmisruoka","slug":"ruokatori/valmisruoka","__typename":"HierarchyPathItem"},{"id":"StructureGroup_1796559627348384","name":"Ruokatori","slug":"ruokatori","__typename":"HierarchyPathItem"}],"isGlobalFallback":null,"countryName":{"fi":"Suomi","__typename":"CountryName"}},{"id":"2009301900000","ean":"2009301900000","name":"KARPALOWIENER / JOULUWIENER N. 70G","price":2.3,"storeId":725782447,"__typename":"Product","approxPrice":false,"basicQuantityUnit":"KPL","comparisonPrice":32.86,"comparisonUnit":"PCE","consumerPackageSize":null,"consumerPackageUnit":null,"priceUnit":"KPL","quantityMultiplier":1,"brandName":"Jussinhannan Leipä","slug":"karpalowiener-jouluwiener-n-70g","isAgeLimitedByAlcohol":false,"frozen":false,"packagingLabels":[],"packagingLabelCodes":[],"hierarchyPath":[{"id":"Herkku_00000950","name":"Makeat leivonnaiset","slug":"leivat-keksit-ja-leivonnaiset-1/paistopisteen-tuotteet/makeat-leivonnaiset","__typename":"HierarchyPathItem"},{"id":"Herkku_00000154","name":"Paistopisteen tuotteet","slug":"leivat-keksit-ja-leivonnaiset-1/paistopisteen-tuotteet","__typename":"HierarchyPathItem"},{"id":"Herkku_00000008","name":"Leivät, keksit ja leivonnaiset","slug":"leivat-keksit-ja-leivonnaiset-1","__typename":"HierarchyPathItem"}],"isGlobalFallback":null,"countryName":{"fi":"Suomi","__typename":"CountryName"}},{"id":"2009570500000","ean":"2009570500000","name":"LIHAPASTEIJA","price":2,"storeId":725782447,"__typename":"Product","approxPrice":false,"basicQuantityUnit":"KPL","comparisonPrice":22.22,"comparisonUnit":"PCE","consumerPackageSize":null,"consumerPackageUnit":null,"priceUnit":"KPL","quantityMultiplier":1,"brandName":"Jussinhannan Leipä","slug":"lihapasteija","isAgeLimitedByAlcohol":false,"frozen":false,"packagingLabels":[],"packagingLabelCodes":[],"hierarchyPath":[{"id":"1591691237074427","name":"Piirakat ja pasteijat","slug":"valmisruoka-1/valmisateriat-ja-keitot/piirakat-ja-pasteijat","__typename":"HierarchyPathItem"},{"id":"1591691237074396","name":"Valmisateriat ja -keitot","slug":"valmisruoka-1/valmisateriat-ja-keitot","__typename":"HierarchyPathItem"},{"id":"StructureGroup_1356670909914497","name":"Valmisruoka","slug":"valmisruoka-1","__typename":"HierarchyPathItem"}],"isGlobalFallback":null,"countryName":{"fi":"Suomi","__typename":"CountryName"}},{"id":"2009570600007","ean":"2009570600007","name":"RIISIPIIRAKKA","price":0.79,"storeId":725782447,"__typename":"Product","approxPrice":false,"basicQuantityUnit":"KPL","comparisonPrice":8.78,"comparisonUnit":"PCE","consumerPackageSize":null,"consumerPackageUnit":null,"priceUnit":"KPL","quantityMultiplier":1,"brandName":"Jussinhannan Leipä","slug":"riisipiirakka","isAgeLimitedByAlcohol":false,"frozen":false,"packagingLabels":[],"packagingLabelCodes":[],"hierarchyPath":[{"id":"Herkku_00000951","name":"Välipalatuotteet","slug":"ruokatori/valmisruoka/valipalatuotteet","__typename":"HierarchyPathItem"},{"id":"Herkku_00000182","name":"Valmisruoka","slug":"ruokatori/valmisruoka","__typename":"HierarchyPathItem"},{"id":"StructureGroup_1796559627348384","name":"Ruokatori","slug":"ruokatori","__typename":"HierarchyPathItem"}],"isGlobalFallback":null,"countryName":{"fi":"Suomi","__typename":"CountryName"}},{"id":"2009611900004","ean":"2009611900004","name":"SBS Croissant kypsä 40x65g","price":0.9,"storeId":725782447,"__typename":"Product","approxPrice":false,"basicQuantityUnit":"KPL","comparisonPrice":13.85,"comparisonUnit":"KGM","consumerPackageSize":null,"consumerPackageUnit":null,"priceUnit":"KPL","quantityMultiplier":1,"brandName":"Lantmännen","slug":"sbs-croissant-kypsa-40x65g","isAgeLimitedByAlcohol":false,"frozen":false,"packagingLabels":[],"packagingLabelCodes":[],"hierarchyPath":[{"id":"Herkku_00000951","name":"Välipalatuotteet","slug":"ruokatori/valmisruoka/valipalatuotteet","__typename":"HierarchyPathItem"},{"id":"Herkku_00000182","name":"Valmisruoka","slug":"ruokatori/valmisruoka","__typename":"HierarchyPathItem"},{"id":"StructureGroup_1796559627348384","name":"Ruokatori","slug":"ruokatori","__typename":"HierarchyPathItem"}],"isGlobalFallback":null,"countryName":{"fi":"Saksa","__typename":"CountryName"}},{"id":"2357310300008","ean":"2357310300008","name":"Kotimaista Kanan Koipireisi Marinoitu n1,1kg","price":3.95,"storeId":725782447,"__typename":"Product","approxPrice":true,"basicQuantityUnit":"KPL","comparisonPrice":3.59,"comparisonUnit":"KGM","consumerPackageSize":null,"consumerPackageUnit":null,"priceUnit":"KPL","quantityMultiplier":1,"brandName":"Kotimaista","slug":"kotimaista-kanan-koipireisi-marinoitu-n1-1kg","isAgeLimitedByAlcohol":false,"frozen":false,"packagingLabels":["Hyvää Suomesta (Sininen Joutsen)"],"packagingLabelCodes":["GOODS_FROM_FINLAND_BLUE_SWAN"],"hierarchyPath":[{"id":"1591691242477865","name":"Kanan siivet, koipi- ja reisipalat","slug":"liha-ja-kasviproteiinit-1/kana-broileri-ja-kalkkuna/kanan-siivet-koipi-ja-reisipalat","__typename":"HierarchyPathItem"},{"id":"1591691242477859","name":"Kana, broileri ja kalkkuna","slug":"liha-ja-kasviproteiinit-1/kana-broileri-ja-kalkkuna","__typename":"HierarchyPathItem"},{"id":"Herkku_00000014","name":"Liha ja kasviproteiinit","slug":"liha-ja-kasviproteiinit-1","__typename":"HierarchyPathItem"}],"isGlobalFallback":null,"countryName":{"fi":"Suomi","__typename":"CountryName"}},{"id":"2357650700001","ean":"2357650700001","name":"Karitsan paisti luuton","price":47.66,"storeId":725782447,"__typename":"Product","approxPrice":true,"basicQuantityUnit":"KPL","comparisonPrice":29.79,"comparisonUnit":"KGM","consumerPackageSize":null,"consumerPackageUnit":null,"priceUnit":"KPL","quantityMultiplier":1,"brandName":"FN global Meat","slug":"karitsan-paisti-luuton","isAgeLimitedByAlcohol":false,"frozen":true,"packagingLabels":[],"packagingLabelCodes":[],"hierarchyPath":[{"id":"Herkku_00000552","name":"Liha ja riista","slug":"pakasteet-1/liha-ja-kalapakasteet/liha-ja-riista","__typename":"HierarchyPathItem"},{"id":"Herkku_00000131","name":"Liha- ja kalapakasteet","slug":"pakasteet-1/liha-ja-kalapakasteet","__typename":"HierarchyPathItem"},{"id":"Herkku_00000013","name":"Pakasteet","slug":"pakasteet-1","__typename":"HierarchyPathItem"}],"isGlobalFallback":null,"countryName":{"fi":"Uusi-Seelanti","__typename":"CountryName"}},{"id":"2378240000004","ean":"2378240000004","name":"Atria Possun Sisäfilee Naturell n500g","price":7.28,"storeId":725782447,"__typename":"Product","approxPrice":true,"basicQuantityUnit":"KPL","comparisonPrice":14.55,"comparisonUnit":"KGM","consumerPackageSize":null,"consumerPackageUnit":null,"priceUnit":"KPL","quantityMultiplier":1,"brandName":"Atria","slug":"atria-possun-sisafilee-naturell-n500g","isAgeLimitedByAlcohol":false,"frozen":false,"packagingLabels":["Hyvää Suomesta (Sininen Joutsen)"," Sydänmerkki"],"packagingLabelCodes":["FINNISH_HEART_SYMBOL"," GOODS_FROM_FINLAND_BLUE_SWAN"],"hierarchyPath":[{"id":"Herkku_00000568","name":"Porsaan fileet","slug":"liha-ja-kasviproteiinit-1/porsas/porsaan-fileet","__typename":"HierarchyPathItem"},{"id":"Herkku_00000108","name":"Porsas","slug":"liha-ja-kasviproteiinit-1/porsas","__typename":"HierarchyPathItem"},{"id":"Herkku_00000014","name":"Liha ja kasviproteiinit","slug":"liha-ja-kasviproteiinit-1","__typename":"HierarchyPathItem"}],"isGlobalFallback":null,"countryName":{"fi":"Suomi","__typename":"CountryName"}},{"id":"2396003800005","ean":"2396003800005","name":"Rainbow lohifilee noin 900g (600-1200g)","price":21.51,"storeId":725782447,"__typename":"Product","approxPrice":true,"basicQuantityUnit":"KPL","comparisonPrice":23.9,"comparisonUnit":"KGM","consumerPackageSize":null,"consumerPackageUnit":null,"priceUnit":"KPL","quantityMultiplier":1,"brandName":"Rainbow","slug":"rainbow-lohifilee-noin-900g-600-1200g","isAgeLimitedByAlcohol":false,"frozen":false,"packagingLabels":["Sydänmerkki"],"packagingLabelCodes":["FINNISH_HEART_SYMBOL"],"hierarchyPath":[{"id":"StructureGroup_198285811030","name":"Tuore kala","slug":"kala-ja-merenelavat-1/kala/tuore-kala","__typename":"HierarchyPathItem"},{"id":"StructureGroup_198285810979","name":"Kala","slug":"kala-ja-merenelavat-1/kala","__typename":"HierarchyPathItem"},{"id":"Herkku_00000004","name":"Kala ja merenelävät","slug":"kala-ja-merenelavat-1","__typename":"HierarchyPathItem"}],"isGlobalFallback":null,"countryName":{"fi":"Norja","__typename":"CountryName"}},{"id":"2396257900001","ean":"2396257900001","name":"Snellman Maalaispossun maustettu uunifilee n1,4kg","price":13.86,"storeId":725782447,"__typename":"Product","approxPrice":true,"basicQuantityUnit":"KPL","comparisonPrice":9.9,"comparisonUnit":"KGM","consumerPackageSize":null,"consumerPackageUnit":null,"priceUnit":"KPL","quantityMultiplier":1,"brandName":"Snellman","slug":"snellman-maalaispossun-maustettu-uunifilee-n1-4kg","isAgeLimitedByAlcohol":false,"frozen":false,"packagingLabels":["Laatuvastuu"],"packagingLabelCodes":["LAATUVASTUU"],"hierarchyPath":[{"id":"Herkku_00000568","name":"Porsaan fileet","slug":"liha-ja-kasviproteiinit-1/porsas/porsaan-fileet","__typename":"HierarchyPathItem"},{"id":"Herkku_00000108","name":"Porsas","slug":"liha-ja-kasviproteiinit-1/porsas","__typename":"HierarchyPathItem"},{"id":"Herkku_00000014","name":"Liha ja kasviproteiinit","slug":"liha-ja-kasviproteiinit-1","__typename":"HierarchyPathItem"}],"isGlobalFallback":null,"countryName":{"fi":"Suomi","__typename":"CountryName"}},{"id":"3036810201280","ean":"3036810201280","name":"Maille Dijon Original Sinappi Perinteinen maku. Ei lisättyjä väriaineita. 215 g","price":3.39,"storeId":725782447,"__typename":"Product","approxPrice":false,"basicQuantityUnit":"KPL","comparisonPrice":15.77,"comparisonUnit":"KGM","consumerPackageSize":null,"consumerPackageUnit":null,"priceUnit":"KPL","quantityMultiplier":1,"brandName":"Maille","slug":"maille-dijon-original-sinappi-perinteinen-maku-ei-lisattyja-variaineita-215-g","isAgeLimitedByAlcohol":false,"frozen":false,"packagingLabels":[],"packagingLabelCodes":[],"hierarchyPath":[{"id":"Herkku_00000424","name":"Sinapit","slug":"oljyt-mausteet-maustaminen-1/ketsupit-ja-sinapit/sinapit","__typename":"HierarchyPathItem"},{"id":"Herkku_00000077","name":"Ketsupit ja sinapit","slug":"oljyt-mausteet-maustaminen-1/ketsupit-ja-sinapit","__typename":"HierarchyPathItem"},{"id":"Herkku_00000011","name":"Öljyt, mausteet, maustaminen","slug":"oljyt-mausteet-maustaminen-1","__typename":"HierarchyPathItem"}],"isGlobalFallback":null,"countryName":{"fi":"Ranska","__typename":"CountryName"}},{"id":"3065890122437","ean":"3065890122437","name":"Sheba Selection with Chicken & Turkey in sauce 85g","price":1.09,"storeId":725782447,"__typename":"Product","approxPrice":false,"basicQuantityUnit":"KPL","comparisonPrice":12.82,"comparisonUnit":"KGM","consumerPackageSize":null,"consumerPackageUnit":null,"priceUnit":"KPL","quantityMultiplier":1,"brandName":"Sheba","slug":"sheba-selection-with-chicken-and-turkey-in-sauce-85g","isAgeLimitedByAlcohol":false,"frozen":false,"packagingLabels":[],"packagingLabelCodes":[],"hierarchyPath":[{"id":"Herkku_00000533","name":"Kissan kostea ruoka","slug":"lemmikit-1/kissanruoat/kissan-kostea-ruoka","__typename":"HierarchyPathItem"},{"id":"Herkku_00000101","name":"Kissanruoat","slug":"lemmikit-1/kissanruoat","__typename":"HierarchyPathItem"},{"id":"Herkku_00000012","name":"Lemmikit","slug":"lemmikit-1","__typename":"HierarchyPathItem"}],"isGlobalFallback":null,"countryName":{"fi":"Ranska","__typename":"CountryName"}},{"id":"3065890122475","ean":"3065890122475","name":"Sheba Selection Härkää kastikkeessa 85g","price":1.09,"storeId":725782447,"__typename":"Product","approxPrice":false,"basicQuantityUnit":"KPL","comparisonPrice":12.82,"comparisonUnit":"KGM","consumerPackageSize":null,"consumerPackageUnit":null,"priceUnit":"KPL","quantityMultiplier":1,"brandName":"Sheba","slug":"sheba-selection-harkaa-kastikkeessa-85g","isAgeLimitedByAlcohol":false,"frozen":false,"packagingLabels":[],"packagingLabelCodes":[],"hierarchyPath":[{"id":"Herkku_00000533","name":"Kissan kostea ruoka","slug":"lemmikit-1/kissanruoat/kissan-kostea-ruoka","__typename":"HierarchyPathItem"},{"id":"Herkku_00000101","name":"Kissanruoat","slug":"lemmikit-1/kissanruoat","__typename":"HierarchyPathItem"},{"id":"Herkku_00000012","name":"Lemmikit","slug":"lemmikit-1","__typename":"HierarchyPathItem"}],"isGlobalFallback":null,"countryName":{"fi":"Ranska","__typename":"CountryName"}},{"id":"3065890122499","ean":"3065890122499","name":"Sheba Selection Vasikkaa & Kalkkunaa kastikkeessa 85g","price":1.09,"storeId":725782447,"__typename":"Product","approxPrice":false,"basicQuantityUnit":"KPL","comparisonPrice":12.82,"comparisonUnit":"KGM","consumerPackageSize":null,"consumerPackageUnit":null,"priceUnit":"KPL","quantityMultiplier":1,"brandName":"Sheba","slug":"sheba-selection-vasikkaa-and-kalkkunaa-kastikkeessa-85g","isAgeLimitedByAlcohol":false,"frozen":false,"packagingLabels":[],"packagingLabelCodes":[],"hierarchyPath":[{"id":"Herkku_00000533","name":"Kissan kostea ruoka","slug":"lemmikit-1/kissanruoat/kissan-kostea-ruoka","__typename":"HierarchyPathItem"},{"id":"Herkku_00000101","name":"Kissanruoat","slug":"lemmikit-1/kissanruoat","__typename":"HierarchyPathItem"},{"id":"Herkku_00000012","name":"Lemmikit","slug":"lemmikit-1","__typename":"HierarchyPathItem"}],"isGlobalFallback":null,"countryName":{"fi":"Ranska","__typename":"CountryName"}},{"id":"3065890126534","ean":"3065890126534","name":"Whiskas 1+ Kanaa hyytelössä 100g","price":0.79,"storeId":725782447,"__typename":"Product","approxPrice":false,"basicQuantityUnit":"KPL","comparisonPrice":7.9,"comparisonUnit":"KGM","consumerPackageSize":null,"consumerPackageUnit":null,"priceUnit":"KPL","quantityMultiplier":1,"brandName":"Whiskas","slug":"whiskas-1-kanaa-hyytelossa-100g","isAgeLimitedByAlcohol":false,"frozen":false,"packagingLabels":[],"packagingLabelCodes":[],"hierarchyPath":[{"id":"Herkku_00000533","name":"Kissan kostea ruoka","slug":"lemmikit-1/kissanruoat/kissan-kostea-ruoka","__typename":"HierarchyPathItem"},{"id":"Herkku_00000101","name":"Kissanruoat","slug":"lemmikit-1/kissanruoat","__typename":"HierarchyPathItem"},{"id":"Herkku_00000012","name":"Lemmikit","slug":"lemmikit-1","__typename":"HierarchyPathItem"}],"isGlobalFallback":null,"countryName":{"fi":"Liettua","__typename":"CountryName"}},{"id":"3080216051246","ean":"3080216051246","name":"Kronenbourg 1664 Blanc alkoholiton olut 0,5% lasipullo 0,33 L","price":1.99,"storeId":725782447,"__typename":"Product","approxPrice":false,"basicQuantityUnit":"KPL","comparisonPrice":5.73,"comparisonUnit":"LTR","consumerPackageSize":null,"consumerPackageUnit":null,"priceUnit":"KPL","quantityMultiplier":1,"brandName":"Kronenbourg","slug":"kronenbourg-1664-blanc-alkoholiton-olut-0-5-lasipullo-0-33-l","isAgeLimitedByAlcohol":false,"frozen":false,"packagingLabels":[],"packagingLabelCodes":[],"hierarchyPath":[{"id":"Herkku_00000817","name":"Vehnäolut","slug":"juomat-1/oluet/vehnaolut","__typename":"HierarchyPathItem"},{"id":"Herkku_00000135","name":"Oluet","slug":"juomat-1/oluet","__typename":"HierarchyPathItem"},{"id":"Herkku_00000005","name":"Juomat","slug":"juomat-1","__typename":"HierarchyPathItem"}],"isGlobalFallback":null,"countryName":{"fi":"Ranska","__typename":"CountryName"}},{"id":"3083680664745","ean":"3083680664745","name":"Bonduelle Maissi 150/140g","price":1.15,"storeId":725782447,"__typename":"Product","approxPrice":false,"basicQuantityUnit":"KPL","comparisonPrice":8.21,"comparisonUnit":"KGM","consumerPackageSize":null,"consumerPackageUnit":null,"priceUnit":"KPL","quantityMultiplier":1,"brandName":"Bonduelle","slug":"bonduelle-maissi-150140g","isAgeLimitedByAlcohol":false,"frozen":false,"packagingLabels":[],"packagingLabelCodes":[],"hierarchyPath":[{"id":"Herkku_00000357","name":"Kasvissäilykkeet","slug":"kuivatuotteet-ja-leivonta-1/sailykkeet/kasvissailykkeet","__typename":"HierarchyPathItem"},{"id":"Herkku_00000063","name":"Säilykkeet","slug":"kuivatuotteet-ja-leivonta-1/sailykkeet","__typename":"HierarchyPathItem"},{"id":"Herkku_00000007","name":"Kuivatuotteet ja leivonta","slug":"kuivatuotteet-ja-leivonta-1","__typename":"HierarchyPathItem"}],"isGlobalFallback":null,"countryName":{"fi":"Ranska","__typename":"CountryName"}},{"id":"3086123303843","ean":"3086123303843","name":"BIC varsiterä Miss Soleil Colour Collection 4-pack","price":7.05,"storeId":725782447,"__typename":"Product","approxPrice":false,"basicQuantityUnit":"KPL","comparisonPrice":1.76,"comparisonUnit":"PCE","consumerPackageSize":null,"consumerPackageUnit":null,"priceUnit":"KPL","quantityMultiplier":1,"brandName":"BiC","slug":"bic-varsitera-miss-soleil-colour-collection-4-pack","isAgeLimitedByAlcohol":false,"frozen":false,"packagingLabels":[],"packagingLabelCodes":[],"hierarchyPath":[{"id":"1591691233375131","name":"Karvanpoistovälineet ja höylät","slug":"kosmetiikka-ja-hygienia/ihonhoito/karvanpoistovalineet-ja-hoylat","__typename":"HierarchyPathItem"},{"id":"1591691233375123","name":"Ihonhoito","slug":"kosmetiikka-ja-hygienia/ihonhoito","__typename":"HierarchyPathItem"},{"id":"1591691233334707","name":"Kosmetiikka ja hygienia","slug":"kosmetiikka-ja-hygienia","__typename":"HierarchyPathItem"}],"isGlobalFallback":null,"countryName":{"fi":"Kreikka","__typename":"CountryName"}},{"id":"3086126691862","ean":"3086126691862","name":"BIC varsiterä 3 Sensitive 4-pack","price":4.75,"storeId":725782447,"__typename":"Product","approxPrice":false,"basicQuantityUnit":"KPL","comparisonPrice":1.19,"comparisonUnit":"PCE","consumerPackageSize":null,"consumerPackageUnit":null,"priceUnit":"KPL","quantityMultiplier":1,"brandName":"BiC","slug":"bic-varsitera-3-sensitive-4-pack","isAgeLimitedByAlcohol":false,"frozen":false,"packagingLabels":[],"packagingLabelCodes":[],"hierarchyPath":[{"id":"1591691233375132","name":"Partakoneet ja parranajovälineet","slug":"kosmetiikka-ja-hygienia/ihonhoito/partakoneet-ja-parranajovalineet","__typename":"HierarchyPathItem"},{"id":"1591691233375123","name":"Ihonhoito","slug":"kosmetiikka-ja-hygienia/ihonhoito","__typename":"HierarchyPathItem"},{"id":"1591691233334707","name":"Kosmetiikka ja hygienia","slug":"kosmetiikka-ja-hygienia","__typename":"HierarchyPathItem"}],"isGlobalFallback":null,"countryName":{"fi":"Kreikka","__typename":"CountryName"}},{"id":"3088542500285","ean":"3088542500285","name":"Maple Joe Vaahterasiirappi Aito 250g","price":4.69,"storeId":725782447,"__typename":"Product","approxPrice":false,"basicQuantityUnit":"KPL","comparisonPrice":24.68,"comparisonUnit":"LTR","consumerPackageSize":null,"consumerPackageUnit":null,"priceUnit":"KPL","quantityMultiplier":1,"brandName":"Maple Joe","slug":"maple-joe-vaahterasiirappi-aito-250g","isAgeLimitedByAlcohol":false,"frozen":false,"packagingLabels":[],"packagingLabelCodes":[],"hierarchyPath":[{"id":"Herkku_00000451","name":"Siirapit","slug":"kuivatuotteet-ja-leivonta-1/sokerit-makeutusaineet-ja-hunaja/siirapit","__typename":"HierarchyPathItem"},{"id":"Herkku_00000084","name":"Sokerit, makeutusaineet ja hunaja","slug":"kuivatuotteet-ja-leivonta-1/sokerit-makeutusaineet-ja-hunaja","__typename":"HierarchyPathItem"},{"id":"Herkku_00000007","name":"Kuivatuotteet ja leivonta","slug":"kuivatuotteet-ja-leivonta-1","__typename":"HierarchyPathItem"}],"isGlobalFallback":null,"countryName":{"fi":"Kanada","__typename":"CountryName"}},{"id":"3133200013413","ean":"3133200013413","name":"LOTUS Nessu nenäliinataskupakkaus 6x9 kpl","price":1.99,"storeId":725782447,"__typename":"Product","approxPrice":false,"basicQuantityUnit":"KPL","comparisonPrice":0.04,"comparisonUnit":"PCE","consumerPackageSize":null,"consumerPackageUnit":null,"priceUnit":"KPL","quantityMultiplier":1,"brandName":"Lotus","slug":"lotus-nessu-nenaliinataskupakkaus-6x9-kpl","isAgeLimitedByAlcohol":false,"frozen":false,"packagingLabels":[],"packagingLabelCodes":[],"hierarchyPath":[{"id":"1591691234596265","name":"Nenäliinat","slug":"kodinhoito-ja-taloustarvikkeet/kodin-paperit/nenaliinat","__typename":"HierarchyPathItem"},{"id":"1591691234596259","name":"Kodin paperit","slug":"kodinhoito-ja-taloustarvikkeet/kodin-paperit","__typename":"HierarchyPathItem"},{"id":"1591691234596256","name":"Kodinhoito ja taloustarvikkeet","slug":"kodinhoito-ja-taloustarvikkeet","__typename":"HierarchyPathItem"}],"isGlobalFallback":null,"countryName":{"fi":"Ranska","__typename":"CountryName"}},{"id":"3228020114225","ean":"3228020114225","name":"Président Sainte Maure vuohenjuusto 200g","price":4.89,"storeId":725782447,"__typename":"Product","approxPrice":false,"basicQuantityUnit":"KPL","comparisonPrice":24.45,"comparisonUnit":"KGM","consumerPackageSize":null,"consumerPackageUnit":null,"priceUnit":"KPL","quantityMultiplier":1,"brandName":"Président","slug":"president-sainte-maure-vuohenjuusto-200g","isAgeLimitedByAlcohol":false,"frozen":false,"packagingLabels":[],"packagingLabelCodes":[],"hierarchyPath":[{"id":"1591691244827935","name":"Homejuustot","slug":"juustot-0/ruoka-ja-herkuttelujuustot/homejuustot","__typename":"HierarchyPathItem"},{"id":"1591691244827915","name":"Ruoka- ja herkuttelujuustot","slug":"juustot-0/ruoka-ja-herkuttelujuustot","__typename":"HierarchyPathItem"},{"id":"Herkku_00000003","name":"Juustot","slug":"juustot-0","__typename":"HierarchyPathItem"}],"isGlobalFallback":null,"countryName":{"fi":"Ranska","__typename":"CountryName"}},{"id":"3387390320558","ean":"3387390320558","name":"Nestlé Fitness 23.5g Suklainen viljapatukka","price":0.79,"storeId":725782447,"__typename":"Product","approxPrice":false,"basicQuantityUnit":"KPL","comparisonPrice":32.92,"comparisonUnit":"KGM","consumerPackageSize":null,"consumerPackageUnit":null,"priceUnit":"KPL","quantityMultiplier":1,"brandName":"Fitness","slug":"nestle-fitness-235g-suklainen-viljapatukka","isAgeLimitedByAlcohol":false,"frozen":false,"packagingLabels":[],"packagingLabelCodes":[],"hierarchyPath":[{"id":"1591691259121515","name":"Välipalakeksit","slug":"leivat-keksit-ja-leivonnaiset-1/keksit/valipalakeksit","__typename":"HierarchyPathItem"},{"id":"Herkku_00000065","name":"Keksit","slug":"leivat-keksit-ja-leivonnaiset-1/keksit","__typename":"HierarchyPathItem"},{"id":"Herkku_00000008","name":"Leivät, keksit ja leivonnaiset","slug":"leivat-keksit-ja-leivonnaiset-1","__typename":"HierarchyPathItem"}],"isGlobalFallback":null,"countryName":{"fi":"Puola","__typename":"CountryName"}},{"id":"3487400006042","ean":"3487400006042","name":"Ben's Original Jasmiini & Basmati valmisriisi 250g","price":2.09,"storeId":725782447,"__typename":"Product","approxPrice":false,"basicQuantityUnit":"KPL","comparisonPrice":8.36,"comparisonUnit":"KGM","consumerPackageSize":null,"consumerPackageUnit":null,"priceUnit":"KPL","quantityMultiplier":1,"brandName":"Ben's Original","slug":"bens-original-jasmiini-and-basmati-valmisriisi-250g","isAgeLimitedByAlcohol":false,"frozen":false,"packagingLabels":[],"packagingLabelCodes":[],"hierarchyPath":[{"id":"Herkku_00000475","name":"Muut riisit","slug":"kuivatuotteet-ja-leivonta-1/riisit-pastat-ja-nuudelit/muut-riisit","__typename":"HierarchyPathItem"},{"id":"Herkku_00000088","name":"Riisit, pastat ja nuudelit","slug":"kuivatuotteet-ja-leivonta-1/riisit-pastat-ja-nuudelit","__typename":"HierarchyPathItem"},{"id":"Herkku_00000007","name":"Kuivatuotteet ja leivonta","slug":"kuivatuotteet-ja-leivonta-1","__typename":"HierarchyPathItem"}],"isGlobalFallback":null,"countryName":{"fi":"Ranska","__typename":"CountryName"}},{"id":"3523230053389","ean":"3523230053389","name":"Soignon Vuohenmaitojuusto 140g","price":3.65,"storeId":725782447,"__typename":"Product","approxPrice":false,"basicQuantityUnit":"KPL","comparisonPrice":26.07,"comparisonUnit":"KGM","consumerPackageSize":null,"consumerPackageUnit":null,"priceUnit":"KPL","quantityMultiplier":1,"brandName":"Soignon Sainte Maure","slug":"soignon-vuohenmaitojuusto-140g","isAgeLimitedByAlcohol":false,"frozen":false,"packagingLabels":[],"packagingLabelCodes":[],"hierarchyPath":[{"id":"1591691244827937","name":"Muut erikoisjuustot","slug":"juustot-0/ruoka-ja-herkuttelujuustot/muut-erikoisjuustot","__typename":"HierarchyPathItem"},{"id":"1591691244827915","name":"Ruoka- ja herkuttelujuustot","slug":"juustot-0/ruoka-ja-herkuttelujuustot","__typename":"HierarchyPathItem"},{"id":"Herkku_00000003","name":"Juustot","slug":"juustot-0","__typename":"HierarchyPathItem"}],"isGlobalFallback":null,"countryName":{"fi":"Ranska","__typename":"CountryName"}},{"id":"3560071257910","ean":"3560071257910","name":"Carrefour Soft Cotton roll-on deodorantti 50 ml","price":1.65,"storeId":725782447,"__typename":"Product","approxPrice":false,"basicQuantityUnit":"KPL","comparisonPrice":33,"comparisonUnit":"LTR","consumerPackageSize":null,"consumerPackageUnit":null,"priceUnit":"KPL","quantityMultiplier":1,"brandName":"Carrefour Soft","slug":"carrefour-soft-cotton-roll-on-deodorantti-50-ml","isAgeLimitedByAlcohol":false,"frozen":false,"packagingLabels":[],"packagingLabelCodes":[],"hierarchyPath":[{"id":"1591691233467953","name":"Naisten deodorantit","slug":"kosmetiikka-ja-hygienia/deodorantit-ja-tuoksut/naisten-deodorantit","__typename":"HierarchyPathItem"},{"id":"1591691233467944","name":"Deodorantit ja tuoksut","slug":"kosmetiikka-ja-hygienia/deodorantit-ja-tuoksut","__typename":"HierarchyPathItem"},{"id":"1591691233334707","name":"Kosmetiikka ja hygienia","slug":"kosmetiikka-ja-hygienia","__typename":"HierarchyPathItem"}],"isGlobalFallback":null,"countryName":{"fi":"Ranska","__typename":"CountryName"}},{"id":"3574660245615","ean":"3574660245615","name":"o.b.® ProComfort Normal tamponi 16 kpl","price":3.75,"storeId":725782447,"__typename":"Product","approxPrice":false,"basicQuantityUnit":"KPL","comparisonPrice":0.23,"comparisonUnit":"PCE","consumerPackageSize":null,"consumerPackageUnit":null,"priceUnit":"KPL","quantityMultiplier":1,"brandName":"o.b.","slug":"obr-procomfort-normal-tamponi-16-kpl","isAgeLimitedByAlcohol":false,"frozen":false,"packagingLabels":[],"packagingLabelCodes":[],"hierarchyPath":[{"id":"1591691233571250","name":"Tamponit","slug":"kosmetiikka-ja-hygienia/intiimihygienia-ja-intiimituotteet/tamponit","__typename":"HierarchyPathItem"},{"id":"1591691233571247","name":"Intiimihygienia ja intiimituotteet","slug":"kosmetiikka-ja-hygienia/intiimihygienia-ja-intiimituotteet","__typename":"HierarchyPathItem"},{"id":"1591691233334707","name":"Kosmetiikka ja hygienia","slug":"kosmetiikka-ja-hygienia","__typename":"HierarchyPathItem"}],"isGlobalFallback":null,"countryName":{"fi":"Ranska","__typename":"CountryName"}},{"id":"3574660245646","ean":"3574660245646","name":"o.b.® ProComfort Super tamponi 16 kpl","price":3.75,"storeId":725782447,"__typename":"Product","approxPrice":false,"basicQuantityUnit":"KPL","comparisonPrice":0.23,"comparisonUnit":"PCE","consumerPackageSize":null,"consumerPackageUnit":null,"priceUnit":"KPL","quantityMultiplier":1,"brandName":"o.b.","slug":"obr-procomfort-super-tamponi-16-kpl","isAgeLimitedByAlcohol":false,"frozen":false,"packagingLabels":[],"packagingLabelCodes":[],"hierarchyPath":[{"id":"1591691233571250","name":"Tamponit","slug":"kosmetiikka-ja-hygienia/intiimihygienia-ja-intiimituotteet/tamponit","__typename":"HierarchyPathItem"},{"id":"1591691233571247","name":"Intiimihygienia ja intiimituotteet","slug":"kosmetiikka-ja-hygienia/intiimihygienia-ja-intiimituotteet","__typename":"HierarchyPathItem"},{"id":"1591691233334707","name":"Kosmetiikka ja hygienia","slug":"kosmetiikka-ja-hygienia","__typename":"HierarchyPathItem"}],"isGlobalFallback":null,"countryName":{"fi":"Ranska","__typename":"CountryName"}},{"id":"3574660438512","ean":"3574660438512","name":"Listerine Total Care suuvesi 500ml","price":8.1,"storeId":725782447,"__typename":"Product","approxPrice":false,"basicQuantityUnit":"KPL","comparisonPrice":16.2,"comparisonUnit":"LTR","consumerPackageSize":null,"consumerPackageUnit":null,"priceUnit":"KPL","quantityMultiplier":1,"brandName":"Listerine","slug":"listerine-total-care-suuvesi-500ml","isAgeLimitedByAlcohol":false,"frozen":false,"packagingLabels":[],"packagingLabelCodes":[],"hierarchyPath":[{"id":"1591691233571233","name":"Suuvedet","slug":"kosmetiikka-ja-hygienia/suunhoito/suuvedet","__typename":"HierarchyPathItem"},{"id":"1591691233571225","name":"Suunhoito","slug":"kosmetiikka-ja-hygienia/suunhoito","__typename":"HierarchyPathItem"},{"id":"1591691233334707","name":"Kosmetiikka ja hygienia","slug":"kosmetiikka-ja-hygienia","__typename":"HierarchyPathItem"}],"isGlobalFallback":null,"countryName":{"fi":"Italia","__typename":"CountryName"}},{"id":"3600522466802","ean":"3600522466802","name":"L'Oréal Paris Studio Line Mineral&Control Invisi CleanGel ultravoimakas muotoilugeeli, 8/10 150ml","price":5.49,"storeId":725782447,"__typename":"Product","approxPrice":false,"basicQuantityUnit":"KPL","comparisonPrice":36.6,"comparisonUnit":"LTR","consumerPackageSize":null,"consumerPackageUnit":null,"priceUnit":"KPL","quantityMultiplier":1,"brandName":"Studio Line","slug":"loreal-paris-studio-line-mineralandcontrol-invisi-cleangel-ultravoimakas-muotoilugeeli-810-150ml","isAgeLimitedByAlcohol":false,"frozen":false,"packagingLabels":[],"packagingLabelCodes":[],"hierarchyPath":[{"id":"1591691233415305","name":"Hiusgeelit ja hiusvahat","slug":"kosmetiikka-ja-hygienia/hiukset-ja-hiustenhoito/hiusgeelit-ja-hiusvahat","__typename":"HierarchyPathItem"},{"id":"1591691233415300","name":"Hiukset ja hiustenhoito","slug":"kosmetiikka-ja-hygienia/hiukset-ja-hiustenhoito","__typename":"HierarchyPathItem"},{"id":"1591691233334707","name":"Kosmetiikka ja hygienia","slug":"kosmetiikka-ja-hygienia","__typename":"HierarchyPathItem"}],"isGlobalFallback":null,"countryName":{"fi":"Ranska","__typename":"CountryName"}},{"id":"3600523583348","ean":"3600523583348","name":"L'Oréal Paris Elvital Dream Length Restoring shampoo pitkille, vaurioituneille hiuksille 250ml","price":3.29,"storeId":725782447,"__typename":"Product","approxPrice":false,"basicQuantityUnit":"KPL","comparisonPrice":13.16,"comparisonUnit":"LTR","consumerPackageSize":null,"consumerPackageUnit":null,"priceUnit":"KPL","quantityMultiplier":1,"brandName":"Elvital","slug":"loreal-paris-elvital-dream-length-restoring-shampoo-pitkille-vaurioituneille-hiuksille-250ml","isAgeLimitedByAlcohol":false,"frozen":false,"packagingLabels":[],"packagingLabelCodes":[],"hierarchyPath":[{"id":"1591691233415301","name":"Shampoot","slug":"kosmetiikka-ja-hygienia/hiukset-ja-hiustenhoito/shampoot","__typename":"HierarchyPathItem"},{"id":"1591691233415300","name":"Hiukset ja hiustenhoito","slug":"kosmetiikka-ja-hygienia/hiukset-ja-hiustenhoito","__typename":"HierarchyPathItem"},{"id":"1591691233334707","name":"Kosmetiikka ja hygienia","slug":"kosmetiikka-ja-hygienia","__typename":"HierarchyPathItem"}],"isGlobalFallback":null,"countryName":{"fi":"Ranska","__typename":"CountryName"}},{"id":"3600523583843","ean":"3600523583843","name":"L'Oréal Paris Elvital Dream Length HairDetangler hoitoaine pitkille, vaurioituneille hiuksille 200ml","price":3.29,"storeId":725782447,"__typename":"Product","approxPrice":false,"basicQuantityUnit":"KPL","comparisonPrice":16.45,"comparisonUnit":"LTR","consumerPackageSize":null,"consumerPackageUnit":null,"priceUnit":"KPL","quantityMultiplier":1,"brandName":"Elvital","slug":"loreal-paris-elvital-dream-length-hairdetangler-hoitoaine-pitkille-vaurioituneille-hiuksille-200ml","isAgeLimitedByAlcohol":false,"frozen":false,"packagingLabels":[],"packagingLabelCodes":[],"hierarchyPath":[{"id":"1591691233415303","name":"Hiustenhoitoaineet","slug":"kosmetiikka-ja-hygienia/hiukset-ja-hiustenhoito/hiustenhoitoaineet","__typename":"HierarchyPathItem"},{"id":"1591691233415300","name":"Hiukset ja hiustenhoito","slug":"kosmetiikka-ja-hygienia/hiukset-ja-hiustenhoito","__typename":"HierarchyPathItem"},{"id":"1591691233334707","name":"Kosmetiikka ja hygienia","slug":"kosmetiikka-ja-hygienia","__typename":"HierarchyPathItem"}],"isGlobalFallback":null,"countryName":{"fi":"Ranska","__typename":"CountryName"}},{"id":"3600524030278","ean":"3600524030278","name":"L'Oréal Paris Elvital Hyaluron Plump shampoo kosteutta kaipaaville hiuksille 250ml","price":3.29,"storeId":725782447,"__typename":"Product","approxPrice":false,"basicQuantityUnit":"KPL","comparisonPrice":13.16,"comparisonUnit":"LTR","consumerPackageSize":null,"consumerPackageUnit":null,"priceUnit":"KPL","quantityMultiplier":1,"brandName":"Elvital","slug":"loreal-paris-elvital-hyaluron-plump-shampoo-kosteutta-kaipaaville-hiuksille-250ml","isAgeLimitedByAlcohol":false,"frozen":false,"packagingLabels":[],"packagingLabelCodes":[],"hierarchyPath":[{"id":"1591691233415301","name":"Shampoot","slug":"kosmetiikka-ja-hygienia/hiukset-ja-hiustenhoito/shampoot","__typename":"HierarchyPathItem"},{"id":"1591691233415300","name":"Hiukset ja hiustenhoito","slug":"kosmetiikka-ja-hygienia/hiukset-ja-hiustenhoito","__typename":"HierarchyPathItem"},{"id":"1591691233334707","name":"Kosmetiikka ja hygienia","slug":"kosmetiikka-ja-hygienia","__typename":"HierarchyPathItem"}],"isGlobalFallback":null,"countryName":{"fi":"Ranska","__typename":"CountryName"}},{"id":"3600524030322","ean":"3600524030322","name":"L'Oréal Paris Elvital Hyaluron Plump hoitoaine kosteutta kaipaaville hiuksille 200ml","price":3.29,"storeId":725782447,"__typename":"Product","approxPrice":false,"basicQuantityUnit":"KPL","comparisonPrice":16.45,"comparisonUnit":"LTR","consumerPackageSize":null,"consumerPackageUnit":null,"priceUnit":"KPL","quantityMultiplier":1,"brandName":"Elvital","slug":"loreal-paris-elvital-hyaluron-plump-hoitoaine-kosteutta-kaipaaville-hiuksille-200ml","isAgeLimitedByAlcohol":false,"frozen":false,"packagingLabels":[],"packagingLabelCodes":[],"hierarchyPath":[{"id":"1591691233415303","name":"Hiustenhoitoaineet","slug":"kosmetiikka-ja-hygienia/hiukset-ja-hiustenhoito/hiustenhoitoaineet","__typename":"HierarchyPathItem"},{"id":"1591691233415300","name":"Hiukset ja hiustenhoito","slug":"kosmetiikka-ja-hygienia/hiukset-ja-hiustenhoito","__typename":"HierarchyPathItem"},{"id":"1591691233334707","name":"Kosmetiikka ja hygienia","slug":"kosmetiikka-ja-hygienia","__typename":"HierarchyPathItem"}],"isGlobalFallback":null,"countryName":{"fi":"Ranska","__typename":"CountryName"}},{"id":"3600540897794","ean":"3600540897794","name":"Garnier Mineral Deodorant 50 ml Dry roll-on 50ml","price":2.45,"storeId":725782447,"__typename":"Product","approxPrice":false,"basicQuantityUnit":"KPL","comparisonPrice":49,"comparisonUnit":"LTR","consumerPackageSize":null,"consumerPackageUnit":null,"priceUnit":"KPL","quantityMultiplier":1,"brandName":"Garnier","slug":"garnier-mineral-deodorant-50-ml-dry-roll-on-50ml","isAgeLimitedByAlcohol":false,"frozen":false,"packagingLabels":[],"packagingLabelCodes":[],"hierarchyPath":[{"id":"1591691233467953","name":"Naisten deodorantit","slug":"kosmetiikka-ja-hygienia/deodorantit-ja-tuoksut/naisten-deodorantit","__typename":"HierarchyPathItem"},{"id":"1591691233467944","name":"Deodorantit ja tuoksut","slug":"kosmetiikka-ja-hygienia/deodorantit-ja-tuoksut","__typename":"HierarchyPathItem"},{"id":"1591691233334707","name":"Kosmetiikka ja hygienia","slug":"kosmetiikka-ja-hygienia","__typename":"HierarchyPathItem"}],"isGlobalFallback":null,"countryName":{"fi":"Puola","__typename":"CountryName"}},{"id":"3600541361263","ean":"3600541361263","name":"Garnier Skin Active 2in1 silmämeikinpoistoaine 125ml","price":4.15,"storeId":725782447,"__typename":"Product","approxPrice":false,"basicQuantityUnit":"KPL","comparisonPrice":33.2,"comparisonUnit":"LTR","consumerPackageSize":null,"consumerPackageUnit":null,"priceUnit":"KPL","quantityMultiplier":1,"brandName":"Garnier","slug":"garnier-skin-active-2in1-silmameikinpoistoaine-125ml","isAgeLimitedByAlcohol":false,"frozen":false,"packagingLabels":[],"packagingLabelCodes":[],"hierarchyPath":[{"id":"1591691233334732","name":"Puhdistusliinat ja meikinpoisto","slug":"kosmetiikka-ja-hygienia/kasvojenhoito/puhdistusliinat-ja-meikinpoisto","__typename":"HierarchyPathItem"},{"id":"1591691233334725","name":"Kasvojenhoito","slug":"kosmetiikka-ja-hygienia/kasvojenhoito","__typename":"HierarchyPathItem"},{"id":"1591691233334707","name":"Kosmetiikka ja hygienia","slug":"kosmetiikka-ja-hygienia","__typename":"HierarchyPathItem"}],"isGlobalFallback":null,"countryName":{"fi":"Saksa","__typename":"CountryName"}},{"id":"3600541474048","ean":"3600541474048","name":"Garnier Respons Honey Treasures vahvistava shampoo heikoille ja kuluneille hiuksille 250ml","price":3.19,"storeId":725782447,"__typename":"Product","approxPrice":false,"basicQuantityUnit":"KPL","comparisonPrice":12.76,"comparisonUnit":"LTR","consumerPackageSize":null,"consumerPackageUnit":null,"priceUnit":"KPL","quantityMultiplier":1,"brandName":"Respons","slug":"garnier-respons-honey-treasures-vahvistava-shampoo-heikoille-ja-kuluneille-hiuksille-250ml","isAgeLimitedByAlcohol":false,"frozen":false,"packagingLabels":[],"packagingLabelCodes":[],"hierarchyPath":[{"id":"1591691233415301","name":"Shampoot","slug":"kosmetiikka-ja-hygienia/hiukset-ja-hiustenhoito/shampoot","__typename":"HierarchyPathItem"},{"id":"1591691233415300","name":"Hiukset ja hiustenhoito","slug":"kosmetiikka-ja-hygienia/hiukset-ja-hiustenhoito","__typename":"HierarchyPathItem"},{"id":"1591691233334707","name":"Kosmetiikka ja hygienia","slug":"kosmetiikka-ja-hygienia","__typename":"HierarchyPathItem"}],"isGlobalFallback":null,"countryName":{"fi":"Puola","__typename":"CountryName"}},{"id":"3600541474086","ean":"3600541474086","name":"Garnier Respons Honey Treasures vahvistava hoitoaine heikoille ja kuluneille hiuksille 200ml","price":3.19,"storeId":725782447,"__typename":"Product","approxPrice":false,"basicQuantityUnit":"KPL","comparisonPrice":15.95,"comparisonUnit":"LTR","consumerPackageSize":null,"consumerPackageUnit":null,"priceUnit":"KPL","quantityMultiplier":1,"brandName":"Respons","slug":"garnier-respons-honey-treasures-vahvistava-hoitoaine-heikoille-ja-kuluneille-hiuksille-200ml","isAgeLimitedByAlcohol":false,"frozen":false,"packagingLabels":[],"packagingLabelCodes":[],"hierarchyPath":[{"id":"1591691233415303","name":"Hiustenhoitoaineet","slug":"kosmetiikka-ja-hygienia/hiukset-ja-hiustenhoito/hiustenhoitoaineet","__typename":"HierarchyPathItem"},{"id":"1591691233415300","name":"Hiukset ja hiustenhoito","slug":"kosmetiikka-ja-hygienia/hiukset-ja-hiustenhoito","__typename":"HierarchyPathItem"},{"id":"1591691233334707","name":"Kosmetiikka ja hygienia","slug":"kosmetiikka-ja-hygienia","__typename":"HierarchyPathItem"}],"isGlobalFallback":null,"countryName":{"fi":"Puola","__typename":"CountryName"}},{"id":"3600541943766","ean":"3600541943766","name":"Garnier Skin Active Moisture Bomb kosteuttava kangasnaamio kasvoille 32g","price":2.39,"storeId":725782447,"__typename":"Product","approxPrice":false,"basicQuantityUnit":"KPL","comparisonPrice":2.39,"comparisonUnit":"PCE","consumerPackageSize":null,"consumerPackageUnit":null,"priceUnit":"KPL","quantityMultiplier":1,"brandName":"Garnier","slug":"garnier-skin-active-moisture-bomb-kosteuttava-kangasnaamio-kasvoille-32g","isAgeLimitedByAlcohol":false,"frozen":false,"packagingLabels":[],"packagingLabelCodes":[],"hierarchyPath":[{"id":"1591691233334739","name":"Kasvonaamiot ja seerumit","slug":"kosmetiikka-ja-hygienia/kasvojenhoito/kasvonaamiot-ja-seerumit","__typename":"HierarchyPathItem"},{"id":"1591691233334725","name":"Kasvojenhoito","slug":"kosmetiikka-ja-hygienia/kasvojenhoito","__typename":"HierarchyPathItem"},{"id":"1591691233334707","name":"Kosmetiikka ja hygienia","slug":"kosmetiikka-ja-hygienia","__typename":"HierarchyPathItem"}],"isGlobalFallback":null,"countryName":{"fi":"Kiina","__typename":"CountryName"}},{"id":"3600542020695","ean":"3600542020695","name":"Garnier Fructis Strength & Shine shampoo normaaleille hiuksille 250ml","price":3.19,"storeId":725782447,"__typename":"Product","approxPrice":false,"basicQuantityUnit":"KPL","comparisonPrice":12.76,"comparisonUnit":"LTR","consumerPackageSize":null,"consumerPackageUnit":null,"priceUnit":"KPL","quantityMultiplier":1,"brandName":"Fructis","slug":"garnier-fructis-strength-and-shine-shampoo-normaaleille-hiuksille-250ml","isAgeLimitedByAlcohol":false,"frozen":false,"packagingLabels":[],"packagingLabelCodes":[],"hierarchyPath":[{"id":"1591691233415301","name":"Shampoot","slug":"kosmetiikka-ja-hygienia/hiukset-ja-hiustenhoito/shampoot","__typename":"HierarchyPathItem"},{"id":"1591691233415300","name":"Hiukset ja hiustenhoito","slug":"kosmetiikka-ja-hygienia/hiukset-ja-hiustenhoito","__typename":"HierarchyPathItem"},{"id":"1591691233334707","name":"Kosmetiikka ja hygienia","slug":"kosmetiikka-ja-hygienia","__typename":"HierarchyPathItem"}],"isGlobalFallback":null,"countryName":{"fi":"Italia","__typename":"CountryName"}},{"id":"3600542021012","ean":"3600542021012","name":"Garnier Fructis Strength & Shine hoitoaine normaaleille hiuksille 200ml","price":3.19,"storeId":725782447,"__typename":"Product","approxPrice":false,"basicQuantityUnit":"KPL","comparisonPrice":15.95,"comparisonUnit":"LTR","consumerPackageSize":null,"consumerPackageUnit":null,"priceUnit":"KPL","quantityMultiplier":1,"brandName":"Fructis","slug":"garnier-fructis-strength-and-shine-hoitoaine-normaaleille-hiuksille-200ml","isAgeLimitedByAlcohol":false,"frozen":false,"packagingLabels":[],"packagingLabelCodes":[],"hierarchyPath":[{"id":"1591691233415303","name":"Hiustenhoitoaineet","slug":"kosmetiikka-ja-hygienia/hiukset-ja-hiustenhoito/hiustenhoitoaineet","__typename":"HierarchyPathItem"},{"id":"1591691233415300","name":"Hiukset ja hiustenhoito","slug":"kosmetiikka-ja-hygienia/hiukset-ja-hiustenhoito","__typename":"HierarchyPathItem"},{"id":"1591691233334707","name":"Kosmetiikka ja hygienia","slug":"kosmetiikka-ja-hygienia","__typename":"HierarchyPathItem"}],"isGlobalFallback":null,"countryName":{"fi":"Italia","__typename":"CountryName"}},{"id":"3616303454685","ean":"3616303454685","name":"Adidas Ice Dive body spray 150 ml + suihkugeeli 250 ml tuoksupakkaus","price":5.85,"storeId":725782447,"__typename":"Product","approxPrice":false,"basicQuantityUnit":"KPL","comparisonPrice":2.93,"comparisonUnit":"PCE","consumerPackageSize":null,"consumerPackageUnit":null,"priceUnit":"KPL","quantityMultiplier":1,"brandName":"adidas","slug":"adidas-ice-dive-body-spray-150-ml-suihkugeeli-250-ml-tuoksupakkaus","isAgeLimitedByAlcohol":false,"frozen":false,"packagingLabels":[],"packagingLabelCodes":[],"hierarchyPath":[{"id":"1591691233832765","name":"Lahjapakkaukset","slug":"kosmetiikka-ja-hygienia/muut-kosmetiikka-ja-hygieniatuotteet/lahjapakkaukset","__typename":"HierarchyPathItem"},{"id":"1591691233832153","name":"Muut kosmetiikka ja hygieniatuotteet","slug":"kosmetiikka-ja-hygienia/muut-kosmetiikka-ja-hygieniatuotteet","__typename":"HierarchyPathItem"},{"id":"1591691233334707","name":"Kosmetiikka ja hygienia","slug":"kosmetiikka-ja-hygienia","__typename":"HierarchyPathItem"}],"isGlobalFallback":null,"countryName":{"fi":"Espanja","__typename":"CountryName"}},{"id":"3616303454746","ean":"3616303454746","name":"Adidas Team Force body spray 150 ml + suihkugeeli 250 ml tuoksupakkaus","price":5.85,"storeId":725782447,"__typename":"Product","approxPrice":false,"basicQuantityUnit":"KPL","comparisonPrice":2.93,"comparisonUnit":"PCE","consumerPackageSize":null,"consumerPackageUnit":null,"priceUnit":"KPL","quantityMultiplier":1,"brandName":"adidas","slug":"adidas-team-force-body-spray-150-ml-suihkugeeli-250-ml-tuoksupakkaus","isAgeLimitedByAlcohol":false,"frozen":false,"packagingLabels":[],"packagingLabelCodes":[],"hierarchyPath":[{"id":"1591691233832765","name":"Lahjapakkaukset","slug":"kosmetiikka-ja-hygienia/muut-kosmetiikka-ja-hygieniatuotteet/lahjapakkaukset","__typename":"HierarchyPathItem"},{"id":"1591691233832153","name":"Muut kosmetiikka ja hygieniatuotteet","slug":"kosmetiikka-ja-hygienia/muut-kosmetiikka-ja-hygieniatuotteet","__typename":"HierarchyPathItem"},{"id":"1591691233334707","name":"Kosmetiikka ja hygienia","slug":"kosmetiikka-ja-hygienia","__typename":"HierarchyPathItem"}],"isGlobalFallback":null,"countryName":{"fi":"Espanja","__typename":"CountryName"}},{"id":"3800020413227","ean":"3800020413227","name":"KitKat Chunky 43.5g Caramel maitosuklaalla kuorrutettu vohveli karamellitäytteellä","price":0.65,"storeId":725782447,"__typename":"Product","approxPrice":false,"basicQuantityUnit":"KPL","comparisonPrice":14.77,"comparisonUnit":"KGM","consumerPackageSize":null,"consumerPackageUnit":null,"priceUnit":"KPL","quantityMultiplier":1,"brandName":"KitKat","slug":"kitkat-chunky-435g-caramel-maitosuklaalla-kuorrutettu-vohveli-karamellitaytteella","isAgeLimitedByAlcohol":false,"frozen":false,"packagingLabels":["Rainforest alliance certified (Sammakko-merkki)"],"packagingLabelCodes":["RAINFOREST_ALLIANCE"],"hierarchyPath":[{"id":"Herkku_00000333","name":"Suklaapatukat","slug":"makeiset-ja-naposteltavat-1/suklaat/suklaapatukat","__typename":"HierarchyPathItem"},{"id":"Herkku_00000060","name":"Suklaat","slug":"makeiset-ja-naposteltavat-1/suklaat","__typename":"HierarchyPathItem"},{"id":"Herkku_00000009","name":"Makeiset ja naposteltavat","slug":"makeiset-ja-naposteltavat-1","__typename":"HierarchyPathItem"}],"isGlobalFallback":null,"countryName":{"fi":"Bulgaria","__typename":"CountryName"}},{"id":"3800033307230","ean":"3800033307230","name":"MyBirds 1 kg auringonkukansiemen ulkolinnuille","price":3.49,"storeId":725782447,"__typename":"Product","approxPrice":false,"basicQuantityUnit":"KPL","comparisonPrice":3.49,"comparisonUnit":"KGM","consumerPackageSize":null,"consumerPackageUnit":null,"priceUnit":"KPL","quantityMultiplier":1,"brandName":"Mybirds","slug":"mybirds-1-kg-auringonkukansiemen-ulkolinnuille","isAgeLimitedByAlcohol":false,"frozen":false,"packagingLabels":[],"packagingLabelCodes":[],"hierarchyPath":[{"id":"Herkku_00000543","name":"Ulkolintujen ruoat","slug":"lemmikit-1/muut-elainten-ruoat/ulkolintujen-ruoat","__typename":"HierarchyPathItem"},{"id":"Herkku_00000103","name":"Muut eläinten ruoat","slug":"lemmikit-1/muut-elainten-ruoat","__typename":"HierarchyPathItem"},{"id":"Herkku_00000012","name":"Lemmikit","slug":"lemmikit-1","__typename":"HierarchyPathItem"}],"isGlobalFallback":null,"countryName":{"fi":"Bulgaria","__typename":"CountryName"}},{"id":"4000339697908","ean":"4000339697908","name":"Philadelphia Orginal Tuorejuusto 200g","price":2.35,"storeId":725782447,"__typename":"Product","approxPrice":false,"basicQuantityUnit":"KPL","comparisonPrice":11.75,"comparisonUnit":"KGM","consumerPackageSize":null,"consumerPackageUnit":null,"priceUnit":"KPL","quantityMultiplier":1,"brandName":"Philadelphia","slug":"philadelphia-orginal-tuorejuusto-200g","isAgeLimitedByAlcohol":false,"frozen":false,"packagingLabels":[],"packagingLabelCodes":[],"hierarchyPath":[{"id":"1591691244878258","name":"Levitettävät juustot","slug":"juustot-0/ruoka-ja-herkuttelujuustot/levitettavat-juustot","__typename":"HierarchyPathItem"},{"id":"1591691244827915","name":"Ruoka- ja herkuttelujuustot","slug":"juustot-0/ruoka-ja-herkuttelujuustot","__typename":"HierarchyPathItem"},{"id":"Herkku_00000003","name":"Juustot","slug":"juustot-0","__typename":"HierarchyPathItem"}],"isGlobalFallback":null,"countryName":{"fi":"Saksa","__typename":"CountryName"}},{"id":"4000388669000","ean":"4000388669000","name":"Rexona for Men Cobalt Antiperspirantti Deodorantti Spray Miehille 48 h suoja Hikoilua vastaan 150 ml","price":4.15,"storeId":725782447,"__typename":"Product","approxPrice":false,"basicQuantityUnit":"KPL","comparisonPrice":27.67,"comparisonUnit":"LTR","consumerPackageSize":null,"consumerPackageUnit":null,"priceUnit":"KPL","quantityMultiplier":1,"brandName":"Rexona","slug":"rexona-for-men-cobalt-antiperspirantti-deodorantti-spray-miehille-48-h-suoja-hikoilua-vastaan-150-ml","isAgeLimitedByAlcohol":false,"frozen":false,"packagingLabels":[],"packagingLabelCodes":[],"hierarchyPath":[{"id":"1591691233467959","name":"Miesten deodorantit","slug":"kosmetiikka-ja-hygienia/deodorantit-ja-tuoksut/miesten-deodorantit","__typename":"HierarchyPathItem"},{"id":"1591691233467944","name":"Deodorantit ja tuoksut","slug":"kosmetiikka-ja-hygienia/deodorantit-ja-tuoksut","__typename":"HierarchyPathItem"},{"id":"1591691233334707","name":"Kosmetiikka ja hygienia","slug":"kosmetiikka-ja-hygienia","__typename":"HierarchyPathItem"}],"isGlobalFallback":null,"countryName":{"fi":"Iso-Britannia","__typename":"CountryName"}},{"id":"4001724010753","ean":"4001724010753","name":"Dr. Oetker Rustica Pepperoni Calabrese 540g","price":6.15,"storeId":725782447,"__typename":"Product","approxPrice":false,"basicQuantityUnit":"KPL","comparisonPrice":11.39,"comparisonUnit":"KGM","consumerPackageSize":null,"consumerPackageUnit":null,"priceUnit":"KPL","quantityMultiplier":1,"brandName":"Rustica","slug":"dr-oetker-rustica-pepperoni-calabrese-540g","isAgeLimitedByAlcohol":false,"frozen":true,"packagingLabels":[],"packagingLabelCodes":[],"hierarchyPath":[{"id":"1591691225905856","name":"Pakastepizzat","slug":"pakasteet-1/pakastepizzat/pakastepizzat","__typename":"HierarchyPathItem"},{"id":"1591691225905854","name":"Pakastepizzat","slug":"pakasteet-1/pakastepizzat","__typename":"HierarchyPathItem"},{"id":"Herkku_00000013","name":"Pakasteet","slug":"pakasteet-1","__typename":"HierarchyPathItem"}],"isGlobalFallback":null,"countryName":{"fi":"Saksa","__typename":"CountryName"}},{"id":"4001724010784","ean":"4001724010784","name":"Dr. Oetker Rustica Cheese Deluxe  555g","price":6.15,"storeId":725782447,"__typename":"Product","approxPrice":false,"basicQuantityUnit":"KPL","comparisonPrice":11.08,"comparisonUnit":"KGM","consumerPackageSize":null,"consumerPackageUnit":null,"priceUnit":"KPL","quantityMultiplier":1,"brandName":"Rustica","slug":"dr-oetker-rustica-cheese-deluxe-555g","isAgeLimitedByAlcohol":false,"frozen":true,"packagingLabels":[],"packagingLabelCodes":[],"hierarchyPath":[{"id":"1591691225905856","name":"Pakastepizzat","slug":"pakasteet-1/pakastepizzat/pakastepizzat","__typename":"HierarchyPathItem"},{"id":"1591691225905854","name":"Pakastepizzat","slug":"pakasteet-1/pakastepizzat","__typename":"HierarchyPathItem"},{"id":"Herkku_00000013","name":"Pakasteet","slug":"pakasteet-1","__typename":"HierarchyPathItem"}],"isGlobalFallback":null,"countryName":{"fi":"Saksa","__typename":"CountryName"}},{"id":"4001724022398","ean":"4001724022398","name":"Dr. Oetker Ristorante Mozzarella Gluteeniton pakastepizza 370g","price":4.99,"storeId":725782447,"__typename":"Product","approxPrice":false,"basicQuantityUnit":"KPL","comparisonPrice":13.49,"comparisonUnit":"KGM","consumerPackageSize":null,"consumerPackageUnit":null,"priceUnit":"KPL","quantityMultiplier":1,"brandName":"Ristorante","slug":"dr-oetker-ristorante-mozzarella-gluteeniton-pakastepizza-370g","isAgeLimitedByAlcohol":false,"frozen":true,"packagingLabels":[],"packagingLabelCodes":[],"hierarchyPath":[{"id":"1591691225905856","name":"Pakastepizzat","slug":"pakasteet-1/pakastepizzat/pakastepizzat","__typename":"HierarchyPathItem"},{"id":"1591691225905854","name":"Pakastepizzat","slug":"pakasteet-1/pakastepizzat","__typename":"HierarchyPathItem"},{"id":"Herkku_00000013","name":"Pakasteet","slug":"pakasteet-1","__typename":"HierarchyPathItem"}],"isGlobalFallback":null,"countryName":{"fi":"Saksa","__typename":"CountryName"}},{"id":"4001724029526","ean":"4001724029526","name":"Dr. Oetker Rustica Double Pepperoni Cheddar & Mozzarella pakastepizza  565g","price":6.15,"storeId":725782447,"__typename":"Product","approxPrice":false,"basicQuantityUnit":"KPL","comparisonPrice":10.88,"comparisonUnit":"KGM","consumerPackageSize":null,"consumerPackageUnit":null,"priceUnit":"KPL","quantityMultiplier":1,"brandName":"Rustica","slug":"dr-oetker-rustica-double-pepperoni-cheddar-and-mozzarella-pakastepizza-565g","isAgeLimitedByAlcohol":false,"frozen":true,"packagingLabels":[],"packagingLabelCodes":[],"hierarchyPath":[{"id":"1591691225905856","name":"Pakastepizzat","slug":"pakasteet-1/pakastepizzat/pakastepizzat","__typename":"HierarchyPathItem"},{"id":"1591691225905854","name":"Pakastepizzat","slug":"pakasteet-1/pakastepizzat","__typename":"HierarchyPathItem"},{"id":"Herkku_00000013","name":"Pakasteet","slug":"pakasteet-1","__typename":"HierarchyPathItem"}],"isGlobalFallback":null,"countryName":{"fi":"Saksa","__typename":"CountryName"}},{"id":"4001724031079","ean":"4001724031079","name":"Dr. Oetker La Mia Grande Salame Piccante pakastepizza 380 g","price":4.85,"storeId":725782447,"__typename":"Product","approxPrice":false,"basicQuantityUnit":"KPL","comparisonPrice":12.76,"comparisonUnit":"KGM","consumerPackageSize":null,"consumerPackageUnit":null,"priceUnit":"KPL","quantityMultiplier":1,"brandName":"La Mia Grande","slug":"dr-oetker-la-mia-grande-salame-piccante-pakastepizza-380-g","isAgeLimitedByAlcohol":false,"frozen":true,"packagingLabels":[],"packagingLabelCodes":[],"hierarchyPath":[{"id":"1591691225905856","name":"Pakastepizzat","slug":"pakasteet-1/pakastepizzat/pakastepizzat","__typename":"HierarchyPathItem"},{"id":"1591691225905854","name":"Pakastepizzat","slug":"pakasteet-1/pakastepizzat","__typename":"HierarchyPathItem"},{"id":"Herkku_00000013","name":"Pakasteet","slug":"pakasteet-1","__typename":"HierarchyPathItem"}],"isGlobalFallback":null,"countryName":{"fi":"Saksa","__typename":"CountryName"}},{"id":"4001724031109","ean":"4001724031109","name":"Dr. Oetker La Mia Grande 4 Formaggi pakastepizza 400 g","price":4.85,"storeId":725782447,"__typename":"Product","approxPrice":false,"basicQuantityUnit":"KPL","comparisonPrice":12.12,"comparisonUnit":"KGM","consumerPackageSize":null,"consumerPackageUnit":null,"priceUnit":"KPL","quantityMultiplier":1,"brandName":"La Mia Grande","slug":"dr-oetker-la-mia-grande-4-formaggi-pakastepizza-400-g","isAgeLimitedByAlcohol":false,"frozen":true,"packagingLabels":[],"packagingLabelCodes":[],"hierarchyPath":[{"id":"1591691225905856","name":"Pakastepizzat","slug":"pakasteet-1/pakastepizzat/pakastepizzat","__typename":"HierarchyPathItem"},{"id":"1591691225905854","name":"Pakastepizzat","slug":"pakasteet-1/pakastepizzat","__typename":"HierarchyPathItem"},{"id":"Herkku_00000013","name":"Pakasteet","slug":"pakasteet-1","__typename":"HierarchyPathItem"}],"isGlobalFallback":null,"countryName":{"fi":"Saksa","__typename":"CountryName"}},{"id":"4001724032137","ean":"4001724032137","name":"Dr. Oetker Ristorante Piccolissima Tre Fromaggi pakasteminipizzat 216g","price":3.99,"storeId":725782447,"__typename":"Product","approxPrice":false,"basicQuantityUnit":"KPL","comparisonPrice":18.47,"comparisonUnit":"KGM","consumerPackageSize":null,"consumerPackageUnit":null,"priceUnit":"KPL","quantityMultiplier":1,"brandName":"Ristorante","slug":"dr-oetker-ristorante-piccolissima-tre-fromaggi-pakasteminipizzat-216g","isAgeLimitedByAlcohol":false,"frozen":true,"packagingLabels":[],"packagingLabelCodes":[],"hierarchyPath":[{"id":"1591691225974010","name":"Muut pikkusuolaiset","slug":"pakasteet-1/leivonnais-ja-leipapakasteet/muut-pikkusuolaiset","__typename":"HierarchyPathItem"},{"id":"Herkku_00000125","name":"Leivonnais- ja leipäpakasteet","slug":"pakasteet-1/leivonnais-ja-leipapakasteet","__typename":"HierarchyPathItem"},{"id":"Herkku_00000013","name":"Pakasteet","slug":"pakasteet-1","__typename":"HierarchyPathItem"}],"isGlobalFallback":null,"countryName":{"fi":"Saksa","__typename":"CountryName"}},{"id":"4001724032267","ean":"4001724032267","name":"Dr. Oetker Ristorante Piccolissima Pepperoni pakasteminipizzat 216g","price":3.99,"storeId":725782447,"__typename":"Product","approxPrice":false,"basicQuantityUnit":"KPL","comparisonPrice":18.47,"comparisonUnit":"KGM","consumerPackageSize":null,"consumerPackageUnit":null,"priceUnit":"KPL","quantityMultiplier":1,"brandName":"Ristorante","slug":"dr-oetker-ristorante-piccolissima-pepperoni-pakasteminipizzat-216g","isAgeLimitedByAlcohol":false,"frozen":true,"packagingLabels":[],"packagingLabelCodes":[],"hierarchyPath":[{"id":"1591691225974010","name":"Muut pikkusuolaiset","slug":"pakasteet-1/leivonnais-ja-leipapakasteet/muut-pikkusuolaiset","__typename":"HierarchyPathItem"},{"id":"Herkku_00000125","name":"Leivonnais- ja leipäpakasteet","slug":"pakasteet-1/leivonnais-ja-leipapakasteet","__typename":"HierarchyPathItem"},{"id":"Herkku_00000013","name":"Pakasteet","slug":"pakasteet-1","__typename":"HierarchyPathItem"}],"isGlobalFallback":null,"countryName":{"fi":"Saksa","__typename":"CountryName"}},

{"id":"4001724035046","ean":"4001724035046","name":"Dr. Oetker Rustica Meat Supreme pakastepizza 565 g","price":6.15,"storeId":725782447,"__typename":"Product","approxPrice":false,"basicQuantityUnit":"KPL","comparisonPrice":10.88,"comparisonUnit":"KGM","consumerPackageSize":null,"consumerPackageUnit":null,"priceUnit":"KPL","quantityMultiplier":1,"brandName":"Rustica","slug":"dr-oetker-rustica-meat-supreme-pakastepizza-565-g","isAgeLimitedByAlcohol":false,"frozen":true,"packagingLabels":[],"packagingLabelCodes":[],"hierarchyPath":[

{"id":"1591691225905856","name":"Pakastepizzat","slug":"pakasteet-1/pakastepizzat/pakastepizzat","__typename":"HierarchyPathItem"},
{"id":"1591691225905854","name":"Pakastepizzat","slug":"pakasteet-1/pakastepizzat","__typename":"HierarchyPathItem"},
{"id":"Herkku_00000013","name":"Pakasteet","slug":"pakasteet-1","__typename":"HierarchyPathItem"}

],"isGlobalFallback":null,"countryName":{"fi":"Saksa","__typename":"CountryName"}}

,{"id":"4001724038870","ean":"4001724038870","name":"Dr. Oetker Ristorante Quattro Formaggi pakastepizza 340 g","price":3.9,"storeId":725782447,"__typename":"Product","approxPrice":false,"basicQuantityUnit":"KPL","comparisonPrice":11.47,"comparisonUnit":"KGM","consumerPackageSize":null,"consumerPackageUnit":null,"priceUnit":"KPL","quantityMultiplier":1,"brandName":"Dr. Oetker","slug":"dr-oetker-ristorante-quattro-formaggi-pakastepizza-340-g","isAgeLimitedByAlcohol":false,"frozen":true,"packagingLabels":[],"packagingLabelCodes":[],"hierarchyPath":[{"id":"1591691225905856","name":"Pakastepizzat","slug":"pakasteet-1/pakastepizzat/pakastepizzat","__typename":"HierarchyPathItem"},{"id":"1591691225905854","name":"Pakastepizzat","slug":"pakasteet-1/pakastepizzat","__typename":"HierarchyPathItem"},{"id":"Herkku_00000013","name":"Pakasteet","slug":"pakasteet-1","__typename":"HierarchyPathItem"}],"isGlobalFallback":null,"countryName":{"fi":"Saksa","__typename":"CountryName"}},{"id":"4001724038900","ean":"4001724038900","name":"Dr. Oetker Ristorante Salame pakastepizza 320 g","price":3.9,"storeId":725782447,"__typename":"Product","approxPrice":false,"basicQuantityUnit":"KPL","comparisonPrice":12.19,"comparisonUnit":"KGM","consumerPackageSize":null,"consumerPackageUnit":null,"priceUnit":"KPL","quantityMultiplier":1,"brandName":"Dr. Oetker","slug":"dr-oetker-ristorante-salame-pakastepizza-320-g","isAgeLimitedByAlcohol":false,"frozen":true,"packagingLabels":[],"packagingLabelCodes":[],"hierarchyPath":[{"id":"1591691225905856","name":"Pakastepizzat","slug":"pakasteet-1/pakastepizzat/pakastepizzat","__typename":"HierarchyPathItem"},{"id":"1591691225905854","name":"Pakastepizzat","slug":"pakasteet-1/pakastepizzat","__typename":"HierarchyPathItem"},{"id":"Herkku_00000013","name":"Pakasteet","slug":"pakasteet-1","__typename":"HierarchyPathItem"}],"isGlobalFallback":null,"countryName":{"fi":"Saksa","__typename":"CountryName"}},{"id":"4001724038993","ean":"4001724038993","name":"Dr. Oetker Ristorante Tonno pakastepizza 355 g","price":3.9,"storeId":725782447,"__typename":"Product","approxPrice":false,"basicQuantityUnit":"KPL","comparisonPrice":10.99,"comparisonUnit":"KGM","consumerPackageSize":null,"consumerPackageUnit":null,"priceUnit":"KPL","quantityMultiplier":1,"brandName":"Dr. Oetker","slug":"dr-oetker-ristorante-tonno-pakastepizza-355-g","isAgeLimitedByAlcohol":false,"frozen":true,"packagingLabels":[],"packagingLabelCodes":[],"hierarchyPath":[{"id":"1591691225905856","name":"Pakastepizzat","slug":"pakasteet-1/pakastepizzat/pakastepizzat","__typename":"HierarchyPathItem"},{"id":"1591691225905854","name":"Pakastepizzat","slug":"pakasteet-1/pakastepizzat","__typename":"HierarchyPathItem"},{"id":"Herkku_00000013","name":"Pakasteet","slug":"pakasteet-1","__typename":"HierarchyPathItem"}],"isGlobalFallback":null,"countryName":{"fi":"Saksa","__typename":"CountryName"}},{"id":"4001724039082","ean":"4001724039082","name":"Dr. Oetker Ristorante Hawaii pakastepizza 355 g","price":3.9,"storeId":725782447,"__typename":"Product","approxPrice":false,"basicQuantityUnit":"KPL","comparisonPrice":10.99,"comparisonUnit":"KGM","consumerPackageSize":null,"consumerPackageUnit":null,"priceUnit":"KPL","quantityMultiplier":1,"brandName":"Dr. Oetker","slug":"dr-oetker-ristorante-hawaii-pakastepizza-355-g","isAgeLimitedByAlcohol":false,"frozen":true,"packagingLabels":[],"packagingLabelCodes":[],"hierarchyPath":[{"id":"1591691225905856","name":"Pakastepizzat","slug":"pakasteet-1/pakastepizzat/pakastepizzat","__typename":"HierarchyPathItem"},{"id":"1591691225905854","name":"Pakastepizzat","slug":"pakasteet-1/pakastepizzat","__typename":"HierarchyPathItem"},{"id":"Herkku_00000013","name":"Pakasteet","slug":"pakasteet-1","__typename":"HierarchyPathItem"}],"isGlobalFallback":null,"countryName":{"fi":"Saksa","__typename":"CountryName"}},{"id":"4001724039112","ean":"4001724039112","name":"Dr. Oetker Ristorante Mozzarella pakastepizza 355 g","price":3.9,"storeId":725782447,"__typename":"Product","approxPrice":false,"basicQuantityUnit":"KPL","comparisonPrice":10.99,"comparisonUnit":"KGM","consumerPackageSize":null,"consumerPackageUnit":null,"priceUnit":"KPL","quantityMultiplier":1,"brandName":"Dr. Oetker","slug":"dr-oetker-ristorante-mozzarella-pakastepizza-355-g","isAgeLimitedByAlcohol":false,"frozen":true,"packagingLabels":[],"packagingLabelCodes":[],"hierarchyPath":[{"id":"1591691225905856","name":"Pakastepizzat","slug":"pakasteet-1/pakastepizzat/pakastepizzat","__typename":"HierarchyPathItem"},{"id":"1591691225905854","name":"Pakastepizzat","slug":"pakasteet-1/pakastepizzat","__typename":"HierarchyPathItem"},{"id":"Herkku_00000013","name":"Pakasteet","slug":"pakasteet-1","__typename":"HierarchyPathItem"}],"isGlobalFallback":null,"countryName":{"fi":"Saksa","__typename":"CountryName"}},{"id":"4001724039143","ean":"4001724039143","name":"Dr. Oetker Ristorante Vegetale pakastepizza 385 g","price":3.9,"storeId":725782447,"__typename":"Product","approxPrice":false,"basicQuantityUnit":"KPL","comparisonPrice":10.13,"comparisonUnit":"KGM","consumerPackageSize":null,"consumerPackageUnit":null,"priceUnit":"KPL","quantityMultiplier":1,"brandName":"Dr. Oetker","slug":"dr-oetker-ristorante-vegetale-pakastepizza-385-g","isAgeLimitedByAlcohol":false,"frozen":true,"packagingLabels":[],"packagingLabelCodes":[],"hierarchyPath":[{"id":"1591691225905856","name":"Pakastepizzat","slug":"pakasteet-1/pakastepizzat/pakastepizzat","__typename":"HierarchyPathItem"},{"id":"1591691225905854","name":"Pakastepizzat","slug":"pakasteet-1/pakastepizzat","__typename":"HierarchyPathItem"},{"id":"Herkku_00000013","name":"Pakasteet","slug":"pakasteet-1","__typename":"HierarchyPathItem"}],"isGlobalFallback":null,"countryName":{"fi":"Saksa","__typename":"CountryName"}},{"id":"4001724039297","ean":"4001724039297","name":"Dr. Oetker Ristorante Salame Mozzarella Pesto pakastepizza 360 g","price":3.9,"storeId":725782447,"__typename":"Product","approxPrice":false,"basicQuantityUnit":"KPL","comparisonPrice":10.83,"comparisonUnit":"KGM","consumerPackageSize":null,"consumerPackageUnit":null,"priceUnit":"KPL","quantityMultiplier":1,"brandName":"Dr. Oetker","slug":"dr-oetker-ristorante-salame-mozzarella-pesto-pakastepizza-360-g","isAgeLimitedByAlcohol":false,"frozen":true,"packagingLabels":[],"packagingLabelCodes":[],"hierarchyPath":[{"id":"1591691225905856","name":"Pakastepizzat","slug":"pakasteet-1/pakastepizzat/pakastepizzat","__typename":"HierarchyPathItem"},{"id":"1591691225905854","name":"Pakastepizzat","slug":"pakasteet-1/pakastepizzat","__typename":"HierarchyPathItem"},{"id":"Herkku_00000013","name":"Pakasteet","slug":"pakasteet-1","__typename":"HierarchyPathItem"}],"isGlobalFallback":null,"countryName":{"fi":"Saksa","__typename":"CountryName"}},{"id":"4001724039655","ean":"4001724039655","name":"Dr. Oetker Ristorante Margherita pomodori pakastepizza 340 g","price":3.9,"storeId":725782447,"__typename":"Product","approxPrice":false,"basicQuantityUnit":"KPL","comparisonPrice":11.47,"comparisonUnit":"KGM","consumerPackageSize":null,"consumerPackageUnit":null,"priceUnit":"KPL","quantityMultiplier":1,"brandName":"Dr. Oetker","slug":"dr-oetker-ristorante-margherita-pomodori-pakastepizza-340-g","isAgeLimitedByAlcohol":false,"frozen":true,"packagingLabels":["V Label Vegan"],"packagingLabelCodes":["EUROPEAN_V_LABEL_VEGAN"],"hierarchyPath":[{"id":"1591691225905856","name":"Pakastepizzat","slug":"pakasteet-1/pakastepizzat/pakastepizzat","__typename":"HierarchyPathItem"},{"id":"1591691225905854","name":"Pakastepizzat","slug":"pakasteet-1/pakastepizzat","__typename":"HierarchyPathItem"},{"id":"Herkku_00000013","name":"Pakasteet","slug":"pakasteet-1","__typename":"HierarchyPathItem"}],"isGlobalFallback":null,"countryName":{"fi":"Saksa","__typename":"CountryName"}},{"id":"4002359001260","ean":"4002359001260","name":"Dolmio Classico Smooth pastakastike 500g","price":2.69,"storeId":725782447,"__typename":"Product","approxPrice":false,"basicQuantityUnit":"KPL","comparisonPrice":5.38,"comparisonUnit":"KGM","consumerPackageSize":null,"consumerPackageUnit":null,"priceUnit":"KPL","quantityMultiplier":1,"brandName":"Dolmio","slug":"dolmio-classico-smooth-pastakastike-500g","isAgeLimitedByAlcohol":false,"frozen":false,"packagingLabels":[],"packagingLabelCodes":[],"hierarchyPath":[{"id":"Herkku_00000452","name":"Pastakastikkeet","slug":"oljyt-mausteet-maustaminen-1/maustekastikkeet-ja-tahnat/pastakastikkeet","__typename":"HierarchyPathItem"},{"id":"Herkku_00000078","name":"Maustekastikkeet ja tahnat","slug":"oljyt-mausteet-maustaminen-1/maustekastikkeet-ja-tahnat","__typename":"HierarchyPathItem"},{"id":"Herkku_00000011","name":"Öljyt, mausteet, maustaminen","slug":"oljyt-mausteet-maustaminen-1","__typename":"HierarchyPathItem"}],"isGlobalFallback":null,"countryName":{"fi":"Alankomaat","__typename":"CountryName"}},{"id":"4002359004995","ean":"4002359004995","name":"Dolmio Chunky Basilika pastakastike 500g","price":2.69,"storeId":725782447,"__typename":"Product","approxPrice":false,"basicQuantityUnit":"KPL","comparisonPrice":5.38,"comparisonUnit":"KGM","consumerPackageSize":null,"consumerPackageUnit":null,"priceUnit":"KPL","quantityMultiplier":1,"brandName":"Dolmio","slug":"dolmio-chunky-basilika-pastakastike-500g","isAgeLimitedByAlcohol":false,"frozen":false,"packagingLabels":[],"packagingLabelCodes":[],"hierarchyPath":[{"id":"Herkku_00000452","name":"Pastakastikkeet","slug":"oljyt-mausteet-maustaminen-1/maustekastikkeet-ja-tahnat/pastakastikkeet","__typename":"HierarchyPathItem"},{"id":"Herkku_00000078","name":"Maustekastikkeet ja tahnat","slug":"oljyt-mausteet-maustaminen-1/maustekastikkeet-ja-tahnat","__typename":"HierarchyPathItem"},{"id":"Herkku_00000011","name":"Öljyt, mausteet, maustaminen","slug":"oljyt-mausteet-maustaminen-1","__typename":"HierarchyPathItem"}],"isGlobalFallback":null,"countryName":{"fi":"Alankomaat","__typename":"CountryName"}},{"id":"4002359005015","ean":"4002359005015","name":"Dolmio Valkosipuli pastakastike 750g","price":3.59,"storeId":725782447,"__typename":"Product","approxPrice":false,"basicQuantityUnit":"KPL","comparisonPrice":4.79,"comparisonUnit":"KGM","consumerPackageSize":null,"consumerPackageUnit":null,"priceUnit":"KPL","quantityMultiplier":1,"brandName":"Dolmio","slug":"dolmio-valkosipuli-pastakastike-750g","isAgeLimitedByAlcohol":false,"frozen":false,"packagingLabels":[],"packagingLabelCodes":[],"hierarchyPath":[{"id":"Herkku_00000452","name":"Pastakastikkeet","slug":"oljyt-mausteet-maustaminen-1/maustekastikkeet-ja-tahnat/pastakastikkeet","__typename":"HierarchyPathItem"},{"id":"Herkku_00000078","name":"Maustekastikkeet ja tahnat","slug":"oljyt-mausteet-maustaminen-1/maustekastikkeet-ja-tahnat","__typename":"HierarchyPathItem"},{"id":"Herkku_00000011","name":"Öljyt, mausteet, maustaminen","slug":"oljyt-mausteet-maustaminen-1","__typename":"HierarchyPathItem"}],"isGlobalFallback":null,"countryName":{"fi":"Alankomaat","__typename":"CountryName"}},{"id":"4002359005749","ean":"4002359005749","name":"Dolmio Lasagne Vaaleakastike juustolla 470g","price":2.69,"storeId":725782447,"__typename":"Product","approxPrice":false,"basicQuantityUnit":"KPL","comparisonPrice":5.72,"comparisonUnit":"KGM","consumerPackageSize":null,"consumerPackageUnit":null,"priceUnit":"KPL","quantityMultiplier":1,"brandName":"Dolmio","slug":"dolmio-lasagne-vaaleakastike-juustolla-470g","isAgeLimitedByAlcohol":false,"frozen":false,"packagingLabels":[],"packagingLabelCodes":[],"hierarchyPath":[{"id":"Herkku_00000452","name":"Pastakastikkeet","slug":"oljyt-mausteet-maustaminen-1/maustekastikkeet-ja-tahnat/pastakastikkeet","__typename":"HierarchyPathItem"},{"id":"Herkku_00000078","name":"Maustekastikkeet ja tahnat","slug":"oljyt-mausteet-maustaminen-1/maustekastikkeet-ja-tahnat","__typename":"HierarchyPathItem"},{"id":"Herkku_00000011","name":"Öljyt, mausteet, maustaminen","slug":"oljyt-mausteet-maustaminen-1","__typename":"HierarchyPathItem"}],"isGlobalFallback":null,"countryName":{"fi":"Alankomaat","__typename":"CountryName"}},{"id":"4002359008177","ean":"4002359008177","name":"Dolmio Lasagne Vaaleakastike 710g","price":3.59,"storeId":725782447,"__typename":"Product","approxPrice":false,"basicQuantityUnit":"KPL","comparisonPrice":5.06,"comparisonUnit":"KGM","consumerPackageSize":null,"consumerPackageUnit":null,"priceUnit":"KPL","quantityMultiplier":1,"brandName":"Dolmio","slug":"dolmio-lasagne-vaaleakastike-710g","isAgeLimitedByAlcohol":false,"frozen":false,"packagingLabels":[],"packagingLabelCodes":[],"hierarchyPath":[{"id":"Herkku_00000452","name":"Pastakastikkeet","slug":"oljyt-mausteet-maustaminen-1/maustekastikkeet-ja-tahnat/pastakastikkeet","__typename":"HierarchyPathItem"},{"id":"Herkku_00000078","name":"Maustekastikkeet ja tahnat","slug":"oljyt-mausteet-maustaminen-1/maustekastikkeet-ja-tahnat","__typename":"HierarchyPathItem"},{"id":"Herkku_00000011","name":"Öljyt, mausteet, maustaminen","slug":"oljyt-mausteet-maustaminen-1","__typename":"HierarchyPathItem"}],"isGlobalFallback":null,"countryName":{"fi":"Alankomaat","__typename":"CountryName"}},{"id":"4002359010453","ean":"4002359010453","name":"Dolmio Classico pastakastike 350g","price":2.09,"storeId":725782447,"__typename":"Product","approxPrice":false,"basicQuantityUnit":"KPL","comparisonPrice":5.97,"comparisonUnit":"KGM","consumerPackageSize":null,"consumerPackageUnit":null,"priceUnit":"KPL","quantityMultiplier":1,"brandName":"Dolmio","slug":"dolmio-classico-pastakastike-350g","isAgeLimitedByAlcohol":false,"frozen":false,"packagingLabels":[],"packagingLabelCodes":[],"hierarchyPath":[{"id":"Herkku_00000452","name":"Pastakastikkeet","slug":"oljyt-mausteet-maustaminen-1/maustekastikkeet-ja-tahnat/pastakastikkeet","__typename":"HierarchyPathItem"},{"id":"Herkku_00000078","name":"Maustekastikkeet ja tahnat","slug":"oljyt-mausteet-maustaminen-1/maustekastikkeet-ja-tahnat","__typename":"HierarchyPathItem"},{"id":"Herkku_00000011","name":"Öljyt, mausteet, maustaminen","slug":"oljyt-mausteet-maustaminen-1","__typename":"HierarchyPathItem"}],"isGlobalFallback":null,"countryName":{"fi":"Alankomaat","__typename":"CountryName"}},{"id":"4002359015830","ean":"4002359015830","name":"Ben's Original Sweet&Sour Original ateriakastike 450g","price":2.79,"storeId":725782447,"__typename":"Product","approxPrice":false,"basicQuantityUnit":"KPL","comparisonPrice":6.2,"comparisonUnit":"KGM","consumerPackageSize":null,"consumerPackageUnit":null,"priceUnit":"KPL","quantityMultiplier":1,"brandName":"Ben's Original","slug":"bens-original-sweetandsour-original-ateriakastike-450g","isAgeLimitedByAlcohol":false,"frozen":false,"packagingLabels":[],"packagingLabelCodes":[],"hierarchyPath":[{"id":"Herkku_00000421","name":"Ateriakastikkeet","slug":"oljyt-mausteet-maustaminen-1/maustekastikkeet-ja-tahnat/ateriakastikkeet","__typename":"HierarchyPathItem"},{"id":"Herkku_00000078","name":"Maustekastikkeet ja tahnat","slug":"oljyt-mausteet-maustaminen-1/maustekastikkeet-ja-tahnat","__typename":"HierarchyPathItem"},{"id":"Herkku_00000011","name":"Öljyt, mausteet, maustaminen","slug":"oljyt-mausteet-maustaminen-1","__typename":"HierarchyPathItem"}],"isGlobalFallback":null,"countryName":{"fi":"Alankomaat","__typename":"CountryName"}},{"id":"4002359015878","ean":"4002359015878","name":"Ben's Original Sweet & Sour Original ateriakastike 675g","price":3.45,"storeId":725782447,"__typename":"Product","approxPrice":false,"basicQuantityUnit":"KPL","comparisonPrice":5.11,"comparisonUnit":"KGM","consumerPackageSize":null,"consumerPackageUnit":null,"priceUnit":"KPL","quantityMultiplier":1,"brandName":"Ben's Original","slug":"bens-original-sweet-and-sour-original-ateriakastike-675g","isAgeLimitedByAlcohol":false,"frozen":false,"packagingLabels":[],"packagingLabelCodes":[],"hierarchyPath":[{"id":"Herkku_00000421","name":"Ateriakastikkeet","slug":"oljyt-mausteet-maustaminen-1/maustekastikkeet-ja-tahnat/ateriakastikkeet","__typename":"HierarchyPathItem"},{"id":"Herkku_00000078","name":"Maustekastikkeet ja tahnat","slug":"oljyt-mausteet-maustaminen-1/maustekastikkeet-ja-tahnat","__typename":"HierarchyPathItem"},{"id":"Herkku_00000011","name":"Öljyt, mausteet, maustaminen","slug":"oljyt-mausteet-maustaminen-1","__typename":"HierarchyPathItem"}],"isGlobalFallback":null,"countryName":{"fi":"Alankomaat","__typename":"CountryName"}},{"id":"4002359650383","ean":"4002359650383","name":"Dolmio Classico pastakastike 500g","price":2.69,"storeId":725782447,"__typename":"Product","approxPrice":false,"basicQuantityUnit":"KPL","comparisonPrice":5.38,"comparisonUnit":"KGM","consumerPackageSize":null,"consumerPackageUnit":null,"priceUnit":"KPL","quantityMultiplier":1,"brandName":"Dolmio","slug":"dolmio-classico-pastakastike-500g","isAgeLimitedByAlcohol":false,"frozen":false,"packagingLabels":[],"packagingLabelCodes":[],"hierarchyPath":[{"id":"Herkku_00000452","name":"Pastakastikkeet","slug":"oljyt-mausteet-maustaminen-1/maustekastikkeet-ja-tahnat/pastakastikkeet","__typename":"HierarchyPathItem"},{"id":"Herkku_00000078","name":"Maustekastikkeet ja tahnat","slug":"oljyt-mausteet-maustaminen-1/maustekastikkeet-ja-tahnat","__typename":"HierarchyPathItem"},{"id":"Herkku_00000011","name":"Öljyt, mausteet, maustaminen","slug":"oljyt-mausteet-maustaminen-1","__typename":"HierarchyPathItem"}],"isGlobalFallback":null,"countryName":{"fi":"Alankomaat","__typename":"CountryName"}},{"id":"4002359650390","ean":"4002359650390","name":"Dolmio Classico pastakastike 750g","price":3.59,"storeId":725782447,"__typename":"Product","approxPrice":false,"basicQuantityUnit":"KPL","comparisonPrice":4.79,"comparisonUnit":"KGM","consumerPackageSize":null,"consumerPackageUnit":null,"priceUnit":"KPL","quantityMultiplier":1,"brandName":"Dolmio","slug":"dolmio-classico-pastakastike-750g","isAgeLimitedByAlcohol":false,"frozen":false,"packagingLabels":[],"packagingLabelCodes":[],"hierarchyPath":[{"id":"Herkku_00000452","name":"Pastakastikkeet","slug":"oljyt-mausteet-maustaminen-1/maustekastikkeet-ja-tahnat/pastakastikkeet","__typename":"HierarchyPathItem"},{"id":"Herkku_00000078","name":"Maustekastikkeet ja tahnat","slug":"oljyt-mausteet-maustaminen-1/maustekastikkeet-ja-tahnat","__typename":"HierarchyPathItem"},{"id":"Herkku_00000011","name":"Öljyt, mausteet, maustaminen","slug":"oljyt-mausteet-maustaminen-1","__typename":"HierarchyPathItem"}],"isGlobalFallback":null,"countryName":{"fi":"Alankomaat","__typename":"CountryName"}},{"id":"4002468021319","ean":"4002468021319","name":"Hochland Cheddar sulatejuustoviipaleet 200 g","price":2.89,"storeId":725782447,"__typename":"Product","approxPrice":false,"basicQuantityUnit":"KPL","comparisonPrice":14.45,"comparisonUnit":"KGM","consumerPackageSize":null,"consumerPackageUnit":null,"priceUnit":"KPL","quantityMultiplier":1,"brandName":"Hochland","slug":"hochland-cheddar-sulatejuustoviipaleet-200-g","isAgeLimitedByAlcohol":false,"frozen":false,"packagingLabels":[],"packagingLabelCodes":[],"hierarchyPath":[{"id":"1591691244827923","name":"Muut juustot","slug":"juustot-0/pala-ja-viipalejuustot/muut-juustot","__typename":"HierarchyPathItem"},{"id":"1591691244827914","name":"Pala- ja viipalejuustot","slug":"juustot-0/pala-ja-viipalejuustot","__typename":"HierarchyPathItem"},{"id":"Herkku_00000003","name":"Juustot","slug":"juustot-0","__typename":"HierarchyPathItem"}],"isGlobalFallback":null,"countryName":{"fi":"Saksa","__typename":"CountryName"}},{"id":"4002671124425","ean":"4002671124425","name":"Patros Natur salaattijuusto 200g","price":3.65,"storeId":725782447,"__typename":"Product","approxPrice":false,"basicQuantityUnit":"KPL","comparisonPrice":18.25,"comparisonUnit":"KGM","consumerPackageSize":null,"consumerPackageUnit":null,"priceUnit":"KPL","quantityMultiplier":1,"brandName":"Patros","slug":"patros-natur-salaattijuusto-200g","isAgeLimitedByAlcohol":false,"frozen":false,"packagingLabels":[],"packagingLabelCodes":[],"hierarchyPath":[{"id":"1591691244827925","name":"Feta- ja salaattijuustot","slug":"juustot-0/ruoka-ja-herkuttelujuustot/feta-ja-salaattijuustot","__typename":"HierarchyPathItem"},{"id":"1591691244827915","name":"Ruoka- ja herkuttelujuustot","slug":"juustot-0/ruoka-ja-herkuttelujuustot","__typename":"HierarchyPathItem"},{"id":"Herkku_00000003","name":"Juustot","slug":"juustot-0","__typename":"HierarchyPathItem"}],"isGlobalFallback":null,"countryName":{"fi":"Saksa","__typename":"CountryName"}},{"id":"4002971103007","ean":"4002971103007","name":"Rahka-Jogurtti 0,9 % 250 g","price":1.19,"storeId":725782447,"__typename":"Product","approxPrice":false,"basicQuantityUnit":"KPL","comparisonPrice":4.76,"comparisonUnit":"KGM","consumerPackageSize":null,"consumerPackageUnit":null,"priceUnit":"KPL","quantityMultiplier":1,"brandName":"Ehrmann","slug":"rahka-jogurtti-0-9-250-g","isAgeLimitedByAlcohol":false,"frozen":false,"packagingLabels":[],"packagingLabelCodes":[],"hierarchyPath":[{"id":"1591691235703025","name":"Maustamattomat rahkat","slug":"maito-munat-ja-rasvat-0/rahkat-vanukkaat-ja-jalkiruoka/maustamattomat-rahkat","__typename":"HierarchyPathItem"},{"id":"Herkku_00000115","name":"Rahkat, vanukkaat ja jälkiruoka","slug":"maito-munat-ja-rasvat-0/rahkat-vanukkaat-ja-jalkiruoka","__typename":"HierarchyPathItem"},{"id":"Herkku_00000006","name":"Maito, munat ja rasvat","slug":"maito-munat-ja-rasvat-0","__typename":"HierarchyPathItem"}],"isGlobalFallback":null,"countryName":{"fi":"Saksa","__typename":"CountryName"}},{"id":"4002971253207","ean":"4002971253207","name":"Grand Dessert tuplasuklaa 190 g","price":1.12,"storeId":725782447,"__typename":"Product","approxPrice":false,"basicQuantityUnit":"KPL","comparisonPrice":5.89,"comparisonUnit":"KGM","consumerPackageSize":null,"consumerPackageUnit":null,"priceUnit":"KPL","quantityMultiplier":1,"brandName":"Grand Dessert","slug":"grand-dessert-tuplasuklaa-190-g","isAgeLimitedByAlcohol":false,"frozen":false,"packagingLabels":[],"packagingLabelCodes":[],"hierarchyPath":[{"id":"Herkku_00000625","name":"Vanukkaat","slug":"maito-munat-ja-rasvat-0/rahkat-vanukkaat-ja-jalkiruoka/vanukkaat","__typename":"HierarchyPathItem"},{"id":"Herkku_00000115","name":"Rahkat, vanukkaat ja jälkiruoka","slug":"maito-munat-ja-rasvat-0/rahkat-vanukkaat-ja-jalkiruoka","__typename":"HierarchyPathItem"},{"id":"Herkku_00000006","name":"Maito, munat ja rasvat","slug":"maito-munat-ja-rasvat-0","__typename":"HierarchyPathItem"}],"isGlobalFallback":null,"countryName":{"fi":"Saksa","__typename":"CountryName"}},{"id":"4002971253603","ean":"4002971253603","name":"Grand Dessert Tuplatoffee 190 g","price":1.12,"storeId":725782447,"__typename":"Product","approxPrice":false,"basicQuantityUnit":"KPL","comparisonPrice":5.89,"comparisonUnit":"KGM","consumerPackageSize":null,"consumerPackageUnit":null,"priceUnit":"KPL","quantityMultiplier":1,"brandName":"Grand Dessert","slug":"grand-dessert-tuplatoffee-190-g","isAgeLimitedByAlcohol":false,"frozen":false,"packagingLabels":[],"packagingLabelCodes":[],"hierarchyPath":[{"id":"Herkku_00000625","name":"Vanukkaat","slug":"maito-munat-ja-rasvat-0/rahkat-vanukkaat-ja-jalkiruoka/vanukkaat","__typename":"HierarchyPathItem"},{"id":"Herkku_00000115","name":"Rahkat, vanukkaat ja jälkiruoka","slug":"maito-munat-ja-rasvat-0/rahkat-vanukkaat-ja-jalkiruoka","__typename":"HierarchyPathItem"},{"id":"Herkku_00000006","name":"Maito, munat ja rasvat","slug":"maito-munat-ja-rasvat-0","__typename":"HierarchyPathItem"}],"isGlobalFallback":null,"countryName":{"fi":"Saksa","__typename":"CountryName"}},{"id":"4002971301601","ean":"4002971301601","name":"High Protein Pudding proteiinivanukas suklaa 200g","price":1.85,"storeId":725782447,"__typename":"Product","approxPrice":false,"basicQuantityUnit":"KPL","comparisonPrice":9.25,"comparisonUnit":"KGM","consumerPackageSize":null,"consumerPackageUnit":null,"priceUnit":"KPL","quantityMultiplier":1,"brandName":"Ehrmann","slug":"high-protein-pudding-proteiinivanukas-suklaa-200g","isAgeLimitedByAlcohol":false,"frozen":false,"packagingLabels":[],"packagingLabelCodes":[],"hierarchyPath":[{"id":"Herkku_00000625","name":"Vanukkaat","slug":"maito-munat-ja-rasvat-0/rahkat-vanukkaat-ja-jalkiruoka/vanukkaat","__typename":"HierarchyPathItem"},{"id":"Herkku_00000115","name":"Rahkat, vanukkaat ja jälkiruoka","slug":"maito-munat-ja-rasvat-0/rahkat-vanukkaat-ja-jalkiruoka","__typename":"HierarchyPathItem"},{"id":"Herkku_00000006","name":"Maito, munat ja rasvat","slug":"maito-munat-ja-rasvat-0","__typename":"HierarchyPathItem"}],"isGlobalFallback":null,"countryName":{"fi":"Saksa","__typename":"CountryName"}},{"id":"4002971466102","ean":"4002971466102","name":"Ehrmann Maitorahka 0,2 % g 250 g","price":1.09,"storeId":725782447,"__typename":"Product","approxPrice":false,"basicQuantityUnit":"KPL","comparisonPrice":4.36,"comparisonUnit":"KGM","consumerPackageSize":null,"consumerPackageUnit":null,"priceUnit":"KPL","quantityMultiplier":1,"brandName":"Ehrmann","slug":"ehrmann-maitorahka-0-2-g-250-g","isAgeLimitedByAlcohol":false,"frozen":false,"packagingLabels":[],"packagingLabelCodes":[],"hierarchyPath":[{"id":"1591691235703025","name":"Maustamattomat rahkat","slug":"maito-munat-ja-rasvat-0/rahkat-vanukkaat-ja-jalkiruoka/maustamattomat-rahkat","__typename":"HierarchyPathItem"},{"id":"Herkku_00000115","name":"Rahkat, vanukkaat ja jälkiruoka","slug":"maito-munat-ja-rasvat-0/rahkat-vanukkaat-ja-jalkiruoka","__typename":"HierarchyPathItem"},{"id":"Herkku_00000006","name":"Maito, munat ja rasvat","slug":"maito-munat-ja-rasvat-0","__typename":"HierarchyPathItem"}],"isGlobalFallback":null,"countryName":{"fi":"Saksa","__typename":"CountryName"}},{"id":"4005500077305","ean":"4005500077305","name":"Maggi Mix Lihapulla ateria-ainekset 90g","price":1.85,"storeId":725782447,"__typename":"Product","approxPrice":false,"basicQuantityUnit":"KPL","comparisonPrice":20.56,"comparisonUnit":"KGM","consumerPackageSize":null,"consumerPackageUnit":null,"priceUnit":"KPL","quantityMultiplier":1,"brandName":"Maggi","slug":"maggi-mix-lihapulla-ateria-ainekset-90g","isAgeLimitedByAlcohol":false,"frozen":false,"packagingLabels":["Sydänmerkki"],"packagingLabelCodes":["FINNISH_HEART_SYMBOL"],"hierarchyPath":[{"id":"Herkku_00000469","name":"Ateria-ainekset","slug":"kuivatuotteet-ja-leivonta-1/ateria-ainekset/ateria-ainekset","__typename":"HierarchyPathItem"},{"id":"Herkku_00000087","name":"Ateria-ainekset","slug":"kuivatuotteet-ja-leivonta-1/ateria-ainekset","__typename":"HierarchyPathItem"},{"id":"Herkku_00000007","name":"Kuivatuotteet ja leivonta","slug":"kuivatuotteet-ja-leivonta-1","__typename":"HierarchyPathItem"}],"isGlobalFallback":null,"countryName":{"fi":"Saksa","__typename":"CountryName"}},{"id":"4005900495204","ean":"4005900495204","name":"NIVEA MEN 150ml Deep Deo Spray -antiperspirantti","price":3.95,"storeId":725782447,"__typename":"Product","approxPrice":false,"basicQuantityUnit":"KPL","comparisonPrice":26.33,"comparisonUnit":"LTR","consumerPackageSize":null,"consumerPackageUnit":null,"priceUnit":"KPL","quantityMultiplier":1,"brandName":"NIVEA Men","slug":"nivea-men-150ml-deep-deo-spray-antiperspirantti","isAgeLimitedByAlcohol":false,"frozen":false,"packagingLabels":[],"packagingLabelCodes":[],"hierarchyPath":[{"id":"1591691233467959","name":"Miesten deodorantit","slug":"kosmetiikka-ja-hygienia/deodorantit-ja-tuoksut/miesten-deodorantit","__typename":"HierarchyPathItem"},{"id":"1591691233467944","name":"Deodorantit ja tuoksut","slug":"kosmetiikka-ja-hygienia/deodorantit-ja-tuoksut","__typename":"HierarchyPathItem"},{"id":"1591691233334707","name":"Kosmetiikka ja hygienia","slug":"kosmetiikka-ja-hygienia","__typename":"HierarchyPathItem"}],"isGlobalFallback":null,"countryName":{"fi":"Saksa","__typename":"CountryName"}},{"id":"4005900551313","ean":"4005900551313","name":"Labello 5,5ml Original -huulivoide","price":2.25,"storeId":725782447,"__typename":"Product","approxPrice":false,"basicQuantityUnit":"KPL","comparisonPrice":375,"comparisonUnit":"LTR","consumerPackageSize":null,"consumerPackageUnit":null,"priceUnit":"KPL","quantityMultiplier":1,"brandName":"Labello","slug":"labello-5-5ml-original-huulivoide","isAgeLimitedByAlcohol":false,"frozen":false,"packagingLabels":[],"packagingLabelCodes":[],"hierarchyPath":[{"id":"1591691233334749","name":"Huulivoiteet","slug":"kosmetiikka-ja-hygienia/kasvojenhoito/huulivoiteet","__typename":"HierarchyPathItem"},{"id":"1591691233334725","name":"Kasvojenhoito","slug":"kosmetiikka-ja-hygienia/kasvojenhoito","__typename":"HierarchyPathItem"},{"id":"1591691233334707","name":"Kosmetiikka ja hygienia","slug":"kosmetiikka-ja-hygienia","__typename":"HierarchyPathItem"}],"isGlobalFallback":null,"countryName":{"fi":"Saksa","__typename":"CountryName"}},{"id":"4005900967466","ean":"4005900967466","name":"NIVEA Soft 75ml Moisturizing Cream Face & Body & Hands -kosteusvoide","price":3.55,"storeId":725782447,"__typename":"Product","approxPrice":false,"basicQuantityUnit":"KPL","comparisonPrice":47.33,"comparisonUnit":"LTR","consumerPackageSize":null,"consumerPackageUnit":null,"priceUnit":"KPL","quantityMultiplier":1,"brandName":"NIVEA","slug":"nivea-soft-75ml-moisturizing-cream-face-and-body-and-hands-kosteusvoide","isAgeLimitedByAlcohol":false,"frozen":false,"packagingLabels":[],"packagingLabelCodes":[],"hierarchyPath":[{"id":"1591691233375134","name":"Vartalonhoito","slug":"kosmetiikka-ja-hygienia/ihonhoito/vartalonhoito","__typename":"HierarchyPathItem"},{"id":"1591691233375123","name":"Ihonhoito","slug":"kosmetiikka-ja-hygienia/ihonhoito","__typename":"HierarchyPathItem"},{"id":"1591691233334707","name":"Kosmetiikka ja hygienia","slug":"kosmetiikka-ja-hygienia","__typename":"HierarchyPathItem"}],"isGlobalFallback":null,"countryName":{"fi":"Espanja","__typename":"CountryName"}},{"id":"4006508122394","ean":"4006508122394","name":"Melitta 1x4/80 ruskea suodatinpaperi","price":2.85,"storeId":725782447,"__typename":"Product","approxPrice":false,"basicQuantityUnit":"KPL","comparisonPrice":0.04,"comparisonUnit":"PCE","consumerPackageSize":null,"consumerPackageUnit":null,"priceUnit":"KPL","quantityMultiplier":1,"brandName":"Melitta","slug":"melitta-1x480-ruskea-suodatinpaperi","isAgeLimitedByAlcohol":false,"frozen":false,"packagingLabels":["FSC-sertifikaatti (Forest Stewardship Council)"," Pohjoismainen ympäristömerkki (Joutsen)"],"packagingLabelCodes":["FOREST_STEWARDSHIP_COUNCIL_LABEL"," SVANEN"],"hierarchyPath":[{"id":"Herkku_00000503","name":"Suodatinpaperit","slug":"juomat-1/kahvit-ja-suodatinpaperit/suodatinpaperit","__typename":"HierarchyPathItem"},{"id":"Herkku_00000089","name":"Kahvit ja suodatinpaperit","slug":"juomat-1/kahvit-ja-suodatinpaperit","__typename":"HierarchyPathItem"},{"id":"Herkku_00000005","name":"Juomat","slug":"juomat-1","__typename":"HierarchyPathItem"}],"isGlobalFallback":null,"countryName":{"fi":"Saksa","__typename":"CountryName"}},{"id":"4007878720067","ean":"4007878720067","name":"Lux-Tools kangasteippi 50mm x 10m","price":2.5,"storeId":725782447,"__typename":"Product","approxPrice":false,"basicQuantityUnit":"KPL","comparisonPrice":0.25,"comparisonUnit":"MTR","consumerPackageSize":null,"consumerPackageUnit":null,"priceUnit":"KPL","quantityMultiplier":1,"brandName":"LUX-Tools","slug":"lux-tools-kangasteippi-50mm-x-10m","isAgeLimitedByAlcohol":false,"frozen":false,"packagingLabels":[],"packagingLabelCodes":[],"hierarchyPath":[{"id":"1591691245951615","name":"Teipit","slug":"koti-ja-vapaa-aika/remontointi-ja-turvatuotteet/teipit","__typename":"HierarchyPathItem"},{"id":"1591691239140990","name":"Remontointi ja turvatuotteet","slug":"koti-ja-vapaa-aika/remontointi-ja-turvatuotteet","__typename":"HierarchyPathItem"},{"id":"Herkku_00000002","name":"Koti ja vapaa-aika","slug":"koti-ja-vapaa-aika","__typename":"HierarchyPathItem"}],"isGlobalFallback":null,"countryName":{"fi":"Italia","__typename":"CountryName"}},{"id":"4008258120002","ean":"4008258120002","name":"Seeberger 150g Paahdettu Luxury pähkinäsekoitus","price":4.69,"storeId":725782447,"__typename":"Product","approxPrice":false,"basicQuantityUnit":"KPL","comparisonPrice":31.27,"comparisonUnit":"KGM","consumerPackageSize":null,"consumerPackageUnit":null,"priceUnit":"KPL","quantityMultiplier":1,"brandName":"Seeberger","slug":"seeberger-150g-paahdettu-luxury-pahkinasekoitus","isAgeLimitedByAlcohol":false,"frozen":false,"packagingLabels":[],"packagingLabelCodes":[],"hierarchyPath":[{"id":"Herkku_00000305","name":"Pähkinät","slug":"kuivatuotteet-ja-leivonta-1/siemenet-pahkinat-ja-kuivatut-hedelmat/pahkinat","__typename":"HierarchyPathItem"},{"id":"Herkku_00000050","name":"Siemenet, pähkinät ja kuivatut hedelmät","slug":"kuivatuotteet-ja-leivonta-1/siemenet-pahkinat-ja-kuivatut-hedelmat","__typename":"HierarchyPathItem"},{"id":"Herkku_00000007","name":"Kuivatuotteet ja leivonta","slug":"kuivatuotteet-ja-leivonta-1","__typename":"HierarchyPathItem"}],"isGlobalFallback":null,"countryName":{"fi":"Saksa","__typename":"CountryName"}},{"id":"4008400935225","ean":"4008400935225","name":"Kinder Bueno 43g maitosuklaapäällysteinen vohveli maitoisalla hasselpähkinätäytteellä","price":0.99,"storeId":725782447,"__typename":"Product","approxPrice":false,"basicQuantityUnit":"KPL","comparisonPrice":23.02,"comparisonUnit":"KGM","consumerPackageSize":null,"consumerPackageUnit":null,"priceUnit":"KPL","quantityMultiplier":1,"brandName":"Kinder","slug":"kinder-bueno-43g-maitosuklaapaallysteinen-vohveli-maitoisalla-hasselpahkinataytteella","isAgeLimitedByAlcohol":false,"frozen":false,"packagingLabels":[],"packagingLabelCodes":[],"hierarchyPath":[{"id":"Herkku_00000333","name":"Suklaapatukat","slug":"makeiset-ja-naposteltavat-1/suklaat/suklaapatukat","__typename":"HierarchyPathItem"},{"id":"Herkku_00000060","name":"Suklaat","slug":"makeiset-ja-naposteltavat-1/suklaat","__typename":"HierarchyPathItem"},{"id":"Herkku_00000009","name":"Makeiset ja naposteltavat","slug":"makeiset-ja-naposteltavat-1","__typename":"HierarchyPathItem"}],"isGlobalFallback":null,"countryName":{"fi":"Puola","__typename":"CountryName"}},{"id":"4008429012617","ean":"4008429012617","name":"Cesar classics vasikanlihaa & kanaa 150g","price":1.49,"storeId":725782447,"__typename":"Product","approxPrice":false,"basicQuantityUnit":"KPL","comparisonPrice":9.93,"comparisonUnit":"KGM","consumerPackageSize":null,"consumerPackageUnit":null,"priceUnit":"KPL","quantityMultiplier":1,"brandName":"Cesar","slug":"cesar-classics-vasikanlihaa-and-kanaa-150g","isAgeLimitedByAlcohol":false,"frozen":false,"packagingLabels":[],"packagingLabelCodes":[],"hierarchyPath":[{"id":"Herkku_00000537","name":"Koiran kostea ruoka","slug":"lemmikit-1/koiranruoat/koiran-kostea-ruoka","__typename":"HierarchyPathItem"},{"id":"Herkku_00000102","name":"Koiranruoat","slug":"lemmikit-1/koiranruoat","__typename":"HierarchyPathItem"},{"id":"Herkku_00000012","name":"Lemmikit","slug":"lemmikit-1","__typename":"HierarchyPathItem"}],"isGlobalFallback":null,"countryName":{"fi":"Saksa","__typename":"CountryName"}},{"id":"4008429029110","ean":"4008429029110","name":"Frolic Häränlihaa, kasviksia ja viljaa 1,5kg","price":6.9,"storeId":725782447,"__typename":"Product","approxPrice":false,"basicQuantityUnit":"KPL","comparisonPrice":4.6,"comparisonUnit":"KGM","consumerPackageSize":null,"consumerPackageUnit":null,"priceUnit":"KPL","quantityMultiplier":1,"brandName":"Frolic","slug":"frolic-haranlihaa-kasviksia-ja-viljaa-1-5kg","isAgeLimitedByAlcohol":false,"frozen":false,"packagingLabels":[],"packagingLabelCodes":[],"hierarchyPath":[{"id":"Herkku_00000539","name":"Koiran kuiva ruoka","slug":"lemmikit-1/koiranruoat/koiran-kuiva-ruoka","__typename":"HierarchyPathItem"},{"id":"Herkku_00000102","name":"Koiranruoat","slug":"lemmikit-1/koiranruoat","__typename":"HierarchyPathItem"},{"id":"Herkku_00000012","name":"Lemmikit","slug":"lemmikit-1","__typename":"HierarchyPathItem"}],"isGlobalFallback":null,"countryName":{"fi":"Saksa","__typename":"CountryName"}},{"id":"4008429037894","ean":"4008429037894","name":"Dreamies kana 60g","price":2.19,"storeId":725782447,"__typename":"Product","approxPrice":false,"basicQuantityUnit":"KPL","comparisonPrice":36.5,"comparisonUnit":"KGM","consumerPackageSize":null,"consumerPackageUnit":null,"priceUnit":"KPL","quantityMultiplier":1,"brandName":"Dreamies","slug":"dreamies-kana-60g","isAgeLimitedByAlcohol":false,"frozen":false,"packagingLabels":[],"packagingLabelCodes":[],"hierarchyPath":[{"id":"Herkku_00000534","name":"Kissan makupalat","slug":"lemmikit-1/kissanruoat/kissan-makupalat","__typename":"HierarchyPathItem"},{"id":"Herkku_00000101","name":"Kissanruoat","slug":"lemmikit-1/kissanruoat","__typename":"HierarchyPathItem"},{"id":"Herkku_00000012","name":"Lemmikit","slug":"lemmikit-1","__typename":"HierarchyPathItem"}],"isGlobalFallback":null,"countryName":{"fi":"Unkari","__typename":"CountryName"}},{"id":"4008429046537","ean":"4008429046537","name":"Whiskas Sticks Häränliha 3x6g","price":1.35,"storeId":725782447,"__typename":"Product","approxPrice":false,"basicQuantityUnit":"KPL","comparisonPrice":75,"comparisonUnit":"KGM","consumerPackageSize":null,"consumerPackageUnit":null,"priceUnit":"KPL","quantityMultiplier":1,"brandName":"Whiskas","slug":"whiskas-sticks-haranliha-3x6g","isAgeLimitedByAlcohol":false,"frozen":false,"packagingLabels":[],"packagingLabelCodes":[],"hierarchyPath":[{"id":"Herkku_00000534","name":"Kissan makupalat","slug":"lemmikit-1/kissanruoat/kissan-makupalat","__typename":"HierarchyPathItem"},{"id":"Herkku_00000101","name":"Kissanruoat","slug":"lemmikit-1/kissanruoat","__typename":"HierarchyPathItem"},{"id":"Herkku_00000012","name":"Lemmikit","slug":"lemmikit-1","__typename":"HierarchyPathItem"}],"isGlobalFallback":null,"countryName":{"fi":"Itävalta","__typename":"CountryName"}},{"id":"4008429046551","ean":"4008429046551","name":"Whiskas Sticks Lohi  3x6g","price":1.35,"storeId":725782447,"__typename":"Product","approxPrice":false,"basicQuantityUnit":"KPL","comparisonPrice":75,"comparisonUnit":"KGM","consumerPackageSize":null,"consumerPackageUnit":null,"priceUnit":"KPL","quantityMultiplier":1,"brandName":"Whiskas","slug":"whiskas-sticks-lohi-3x6g","isAgeLimitedByAlcohol":false,"frozen":false,"packagingLabels":[],"packagingLabelCodes":[],"hierarchyPath":[{"id":"Herkku_00000534","name":"Kissan makupalat","slug":"lemmikit-1/kissanruoat/kissan-makupalat","__typename":"HierarchyPathItem"},{"id":"Herkku_00000101","name":"Kissanruoat","slug":"lemmikit-1/kissanruoat","__typename":"HierarchyPathItem"},{"id":"Herkku_00000012","name":"Lemmikit","slug":"lemmikit-1","__typename":"HierarchyPathItem"}],"isGlobalFallback":null,"countryName":{"fi":"Itävalta","__typename":"CountryName"}},{"id":"4008429065651","ean":"4008429065651","name":"Sheba Classic Kanaa 85g","price":1.09,"storeId":725782447,"__typename":"Product","approxPrice":false,"basicQuantityUnit":"KPL","comparisonPrice":12.82,"comparisonUnit":"KGM","consumerPackageSize":null,"consumerPackageUnit":null,"priceUnit":"KPL","quantityMultiplier":1,"brandName":"Sheba","slug":"sheba-classic-kanaa-85g","isAgeLimitedByAlcohol":false,"frozen":false,"packagingLabels":[],"packagingLabelCodes":[],"hierarchyPath":[{"id":"Herkku_00000533","name":"Kissan kostea ruoka","slug":"lemmikit-1/kissanruoat/kissan-kostea-ruoka","__typename":"HierarchyPathItem"},{"id":"Herkku_00000101","name":"Kissanruoat","slug":"lemmikit-1/kissanruoat","__typename":"HierarchyPathItem"},{"id":"Herkku_00000012","name":"Lemmikit","slug":"lemmikit-1","__typename":"HierarchyPathItem"}],"isGlobalFallback":null,"countryName":{"fi":"Saksa","__typename":"CountryName"}},{"id":"4008429065675","ean":"4008429065675","name":"Sheba Classic Lohta MSC 85g","price":1.09,"storeId":725782447,"__typename":"Product","approxPrice":false,"basicQuantityUnit":"KPL","comparisonPrice":12.82,"comparisonUnit":"KGM","consumerPackageSize":null,"consumerPackageUnit":null,"priceUnit":"KPL","quantityMultiplier":1,"brandName":"Sheba","slug":"sheba-classic-lohta-msc-85g","isAgeLimitedByAlcohol":false,"frozen":false,"packagingLabels":["MSC (Marine Stewardship Council)"],"packagingLabelCodes":["MARINE_STEWARDSHIP_COUNCIL_LABEL"],"hierarchyPath":[{"id":"Herkku_00000533","name":"Kissan kostea ruoka","slug":"lemmikit-1/kissanruoat/kissan-kostea-ruoka","__typename":"HierarchyPathItem"},{"id":"Herkku_00000101","name":"Kissanruoat","slug":"lemmikit-1/kissanruoat","__typename":"HierarchyPathItem"},{"id":"Herkku_00000012","name":"Lemmikit","slug":"lemmikit-1","__typename":"HierarchyPathItem"}],"isGlobalFallback":null,"countryName":{"fi":"Saksa","__typename":"CountryName"}},{"id":"4008429134777","ean":"4008429134777","name":"Sheba Kanafile & tonnikala MSC 60g","price":1.69,"storeId":725782447,"__typename":"Product","approxPrice":false,"basicQuantityUnit":"KPL","comparisonPrice":28.17,"comparisonUnit":"KGM","consumerPackageSize":null,"consumerPackageUnit":null,"priceUnit":"KPL","quantityMultiplier":1,"brandName":"Sheba","slug":"sheba-kanafile-and-tonnikala-msc-60g","isAgeLimitedByAlcohol":false,"frozen":false,"packagingLabels":[],"packagingLabelCodes":[],"hierarchyPath":[{"id":"Herkku_00000533","name":"Kissan kostea ruoka","slug":"lemmikit-1/kissanruoat/kissan-kostea-ruoka","__typename":"HierarchyPathItem"},{"id":"Herkku_00000101","name":"Kissanruoat","slug":"lemmikit-1/kissanruoat","__typename":"HierarchyPathItem"},{"id":"Herkku_00000012","name":"Lemmikit","slug":"lemmikit-1","__typename":"HierarchyPathItem"}],"isGlobalFallback":null,"countryName":{"fi":"Thaimaa","__typename":"CountryName"}},{"id":"4008429139055","ean":"4008429139055","name":"Cesar country kitchen sis. mureaa kalkkunaa, härkää ja yrttejä kastikkeessa 150g","price":1.49,"storeId":725782447,"__typename":"Product","approxPrice":false,"basicQuantityUnit":"KPL","comparisonPrice":9.93,"comparisonUnit":"KGM","consumerPackageSize":null,"consumerPackageUnit":null,"priceUnit":"KPL","quantityMultiplier":1,"brandName":"Cesar","slug":"cesar-country-kitchen-sis-mureaa-kalkkunaa-harkaa-ja-yrtteja-kastikkeessa-150g","isAgeLimitedByAlcohol":false,"frozen":false,"packagingLabels":[],"packagingLabelCodes":[],"hierarchyPath":[{"id":"Herkku_00000537","name":"Koiran kostea ruoka","slug":"lemmikit-1/koiranruoat/koiran-kostea-ruoka","__typename":"HierarchyPathItem"},{"id":"Herkku_00000102","name":"Koiranruoat","slug":"lemmikit-1/koiranruoat","__typename":"HierarchyPathItem"},{"id":"Herkku_00000012","name":"Lemmikit","slug":"lemmikit-1","__typename":"HierarchyPathItem"}],"isGlobalFallback":null,"countryName":{"fi":"Saksa","__typename":"CountryName"}},{"id":"4008429139062","ean":"4008429139062","name":"Cesar country kitchen kanaa, kasviksia ja persiljaa kastikkeessa 150g","price":1.49,"storeId":725782447,"__typename":"Product","approxPrice":false,"basicQuantityUnit":"KPL","comparisonPrice":9.93,"comparisonUnit":"KGM","consumerPackageSize":null,"consumerPackageUnit":null,"priceUnit":"KPL","quantityMultiplier":1,"brandName":"Cesar","slug":"cesar-country-kitchen-kanaa-kasviksia-ja-persiljaa-kastikkeessa-150g","isAgeLimitedByAlcohol":false,"frozen":false,"packagingLabels":[],"packagingLabelCodes":[],"hierarchyPath":[{"id":"Herkku_00000537","name":"Koiran kostea ruoka","slug":"lemmikit-1/koiranruoat/koiran-kostea-ruoka","__typename":"HierarchyPathItem"},{"id":"Herkku_00000102","name":"Koiranruoat","slug":"lemmikit-1/koiranruoat","__typename":"HierarchyPathItem"},{"id":"Herkku_00000012","name":"Lemmikit","slug":"lemmikit-1","__typename":"HierarchyPathItem"}],"isGlobalFallback":null,"countryName":{"fi":"Saksa","__typename":"CountryName"}},{"id":"4008455393216","ean":"4008455393216","name":"Dr Beckmann 24kpl Värin- ja liankerääjä","price":7.29,"storeId":725782447,"__typename":"Product","approxPrice":false,"basicQuantityUnit":"KPL","comparisonPrice":0.3,"comparisonUnit":"PCE","consumerPackageSize":null,"consumerPackageUnit":null,"priceUnit":"KPL","quantityMultiplier":1,"brandName":"Dr. Beckmann","slug":"dr-beckmann-24kpl-varin-ja-liankeraaja","isAgeLimitedByAlcohol":false,"frozen":false,"packagingLabels":[],"packagingLabelCodes":[],"hierarchyPath":[{"id":"1591691234596364","name":"Muut erikoiskäsittelytuotteet","slug":"kodinhoito-ja-taloustarvikkeet/pyykinpesu/muut-erikoiskasittelytuotteet","__typename":"HierarchyPathItem"},{"id":"1591691234596326","name":"Pyykinpesu","slug":"kodinhoito-ja-taloustarvikkeet/pyykinpesu","__typename":"HierarchyPathItem"},{"id":"1591691234596256","name":"Kodinhoito ja taloustarvikkeet","slug":"kodinhoito-ja-taloustarvikkeet","__typename":"HierarchyPathItem"}],"isGlobalFallback":null,"countryName":{"fi":"Saksa","__typename":"CountryName"}},{"id":"4008496559312","ean":"4008496559312","name":"Varta Longlife Power 2xC LR14 alkaliparisto","price":4.09,"storeId":725782447,"__typename":"Product","approxPrice":false,"basicQuantityUnit":"KPL","comparisonPrice":2.05,"comparisonUnit":"PCE","consumerPackageSize":null,"consumerPackageUnit":null,"priceUnit":"KPL","quantityMultiplier":1,"brandName":"Varta","slug":"varta-longlife-power-2xc-lr14-alkaliparisto","isAgeLimitedByAlcohol":false,"frozen":false,"packagingLabels":[],"packagingLabelCodes":[],"hierarchyPath":null,"isGlobalFallback":null,"countryName":{"fi":"Saksa","__typename":"CountryName"}},{"id":"4008496559671","ean":"4008496559671","name":"Varta Longlife Power 12xAA alkaliparisto","price":6.59,"storeId":725782447,"__typename":"Product","approxPrice":false,"basicQuantityUnit":"KPL","comparisonPrice":0.55,"comparisonUnit":"PCE","consumerPackageSize":null,"consumerPackageUnit":null,"priceUnit":"KPL","quantityMultiplier":1,"brandName":"Varta","slug":"varta-longlife-power-12xaa-alkaliparisto","isAgeLimitedByAlcohol":false,"frozen":false,"packagingLabels":[],"packagingLabelCodes":[],"hierarchyPath":null,"isGlobalFallback":null,"countryName":{"fi":"Saksa","__typename":"CountryName"}},{"id":"4008496559909","ean":"4008496559909","name":"Varta Longlife Power 9V 2kpl Joutsenmerkki","price":6.95,"storeId":725782447,"__typename":"Product","approxPrice":false,"basicQuantityUnit":"KPL","comparisonPrice":3.48,"comparisonUnit":"PCE","consumerPackageSize":null,"consumerPackageUnit":null,"priceUnit":"KPL","quantityMultiplier":1,"brandName":"Varta","slug":"varta-longlife-power-9v-2kpl-joutsenmerkki","isAgeLimitedByAlcohol":false,"frozen":false,"packagingLabels":[],"packagingLabelCodes":[],"hierarchyPath":null,"isGlobalFallback":null,"countryName":{"fi":"Malesia","__typename":"CountryName"}},{"id":"4008496593033","ean":"4008496593033","name":"Varta Longlife Power 12xAAA alkaliparisto","price":6.59,"storeId":725782447,"__typename":"Product","approxPrice":false,"basicQuantityUnit":"KPL","comparisonPrice":0.55,"comparisonUnit":"PCE","consumerPackageSize":null,"consumerPackageUnit":null,"priceUnit":"KPL","quantityMultiplier":1,"brandName":"Varta","slug":"varta-longlife-power-12xaaa-alkaliparisto","isAgeLimitedByAlcohol":false,"frozen":false,"packagingLabels":[],"packagingLabelCodes":[],"hierarchyPath":null,"isGlobalFallback":null,"countryName":{"fi":"Saksa","__typename":"CountryName"}},{"id":"4008496605651","ean":"4008496605651","name":"Varta Longlife Power 20xAA alkaliparisto","price":7.95,"storeId":725782447,"__typename":"Product","approxPrice":false,"basicQuantityUnit":"KPL","comparisonPrice":0.4,"comparisonUnit":"PCE","consumerPackageSize":null,"consumerPackageUnit":null,"priceUnit":"KPL","quantityMultiplier":1,"brandName":"Varta","slug":"varta-longlife-power-20xaa-alkaliparisto","isAgeLimitedByAlcohol":false,"frozen":false,"packagingLabels":[],"packagingLabelCodes":[],"hierarchyPath":null,"isGlobalFallback":null,"countryName":{"fi":"Saksa","__typename":"CountryName"}},{"id":"4008496746422","ean":"4008496746422","name":"Varta Professional Electronics 2xCR2025 litiumparisto","price":2.99,"storeId":725782447,"__typename":"Product","approxPrice":false,"basicQuantityUnit":"KPL","comparisonPrice":1.5,"comparisonUnit":"PCE","consumerPackageSize":null,"consumerPackageUnit":null,"priceUnit":"KPL","quantityMultiplier":1,"brandName":"Varta","slug":"varta-professional-electronics-2xcr2025-litiumparisto","isAgeLimitedByAlcohol":false,"frozen":false,"packagingLabels":[],"packagingLabelCodes":[],"hierarchyPath":null,"isGlobalFallback":null,"countryName":{"fi":"Kiina","__typename":"CountryName"}},{"id":"4008496746460","ean":"4008496746460","name":"Varta Professional Electronics 2xCR2032 litiumparisto","price":2.99,"storeId":725782447,"__typename":"Product","approxPrice":false,"basicQuantityUnit":"KPL","comparisonPrice":1.5,"comparisonUnit":"PCE","consumerPackageSize":null,"consumerPackageUnit":null,"priceUnit":"KPL","quantityMultiplier":1,"brandName":"Varta","slug":"varta-professional-electronics-2xcr2032-litiumparisto","isAgeLimitedByAlcohol":false,"frozen":false,"packagingLabels":[],"packagingLabelCodes":[],"hierarchyPath":null,"isGlobalFallback":null,"countryName":{"fi":"Kiina","__typename":"CountryName"}},{"id":"4008496987528","ean":"4008496987528","name":"Varta Daylight F20 Multi Led käsivalaisin","price":9.95,"storeId":725782447,"__typename":"Product","approxPrice":false,"basicQuantityUnit":"KPL","comparisonPrice":9.95,"comparisonUnit":"PCE","consumerPackageSize":null,"consumerPackageUnit":null,"priceUnit":"KPL","quantityMultiplier":1,"brandName":"Varta","slug":"varta-daylight-f20-multi-led-kasivalaisin","isAgeLimitedByAlcohol":false,"frozen":false,"packagingLabels":[],"packagingLabelCodes":[],"hierarchyPath":null,"isGlobalFallback":null,"countryName":{"fi":"Kiina","__typename":"CountryName"}},{"id":"4009900360685","ean":"4009900360685","name":"Airwaves Menthol&Eucalyptus purukumi 35g","price":1.55,"storeId":725782447,"__typename":"Product","approxPrice":false,"basicQuantityUnit":"KPL","comparisonPrice":44.29,"comparisonUnit":"KGM","consumerPackageSize":null,"consumerPackageUnit":null,"priceUnit":"KPL","quantityMultiplier":1,"brandName":"Airwaves","slug":"airwaves-mentholandeucalyptus-purukumi-35g","isAgeLimitedByAlcohol":false,"frozen":false,"packagingLabels":[],"packagingLabelCodes":[],"hierarchyPath":[{"id":"Herkku_00000331","name":"Purukumipussit","slug":"makeiset-ja-naposteltavat-1/purukumit/purukumipussit","__typename":"HierarchyPathItem"},{"id":"Herkku_00000059","name":"Purukumit","slug":"makeiset-ja-naposteltavat-1/purukumit","__typename":"HierarchyPathItem"},{"id":"Herkku_00000009","name":"Makeiset ja naposteltavat","slug":"makeiset-ja-naposteltavat-1","__typename":"HierarchyPathItem"}],"isGlobalFallback":null,"countryName":{"fi":"Puola","__typename":"CountryName"}},{"id":"4009900365307","ean":"4009900365307","name":"Airwaves Lemon Ice purukumi 35g","price":1.55,"storeId":725782447,"__typename":"Product","approxPrice":false,"basicQuantityUnit":"KPL","comparisonPrice":44.29,"comparisonUnit":"KGM","consumerPackageSize":null,"consumerPackageUnit":null,"priceUnit":"KPL","quantityMultiplier":1,"brandName":"Airwaves","slug":"airwaves-lemon-ice-purukumi-35g","isAgeLimitedByAlcohol":false,"frozen":false,"packagingLabels":[],"packagingLabelCodes":[],"hierarchyPath":[{"id":"Herkku_00000331","name":"Purukumipussit","slug":"makeiset-ja-naposteltavat-1/purukumit/purukumipussit","__typename":"HierarchyPathItem"},{"id":"Herkku_00000059","name":"Purukumit","slug":"makeiset-ja-naposteltavat-1/purukumit","__typename":"HierarchyPathItem"},{"id":"Herkku_00000009","name":"Makeiset ja naposteltavat","slug":"makeiset-ja-naposteltavat-1","__typename":"HierarchyPathItem"}],"isGlobalFallback":null,"countryName":{"fi":"Puola","__typename":"CountryName"}},{"id":"4009900536974","ean":"4009900536974","name":"Extra White Strawberry purukumi 29g","price":1.59,"storeId":725782447,"__typename":"Product","approxPrice":false,"basicQuantityUnit":"KPL","comparisonPrice":54.83,"comparisonUnit":"KGM","consumerPackageSize":null,"consumerPackageUnit":null,"priceUnit":"KPL","quantityMultiplier":1,"brandName":"Extra","slug":"extra-white-strawberry-purukumi-29g","isAgeLimitedByAlcohol":false,"frozen":false,"packagingLabels":[],"packagingLabelCodes":[],"hierarchyPath":[{"id":"Herkku_00000331","name":"Purukumipussit","slug":"makeiset-ja-naposteltavat-1/purukumit/purukumipussit","__typename":"HierarchyPathItem"},{"id":"Herkku_00000059","name":"Purukumit","slug":"makeiset-ja-naposteltavat-1/purukumit","__typename":"HierarchyPathItem"},{"id":"Herkku_00000009","name":"Makeiset ja naposteltavat","slug":"makeiset-ja-naposteltavat-1","__typename":"HierarchyPathItem"}],"isGlobalFallback":null,"countryName":{"fi":"Puola","__typename":"CountryName"}},{"id":"4010492054548","ean":"4010492054548","name":"Athena 200ml kissanmaito","price":1.15,"storeId":725782447,"__typename":"Product","approxPrice":false,"basicQuantityUnit":"KPL","comparisonPrice":5.75,"comparisonUnit":"LTR","consumerPackageSize":null,"consumerPackageUnit":null,"priceUnit":"KPL","quantityMultiplier":1,"brandName":"Athena","slug":"athena-200ml-kissanmaito","isAgeLimitedByAlcohol":false,"frozen":false,"packagingLabels":[],"packagingLabelCodes":[],"hierarchyPath":[{"id":"Herkku_00000534","name":"Kissan makupalat","slug":"lemmikit-1/kissanruoat/kissan-makupalat","__typename":"HierarchyPathItem"},{"id":"Herkku_00000101","name":"Kissanruoat","slug":"lemmikit-1/kissanruoat","__typename":"HierarchyPathItem"},{"id":"Herkku_00000012","name":"Lemmikit","slug":"lemmikit-1","__typename":"HierarchyPathItem"}],"isGlobalFallback":null,"countryName":{"fi":"Saksa","__typename":"CountryName"}},{"id":"4011800563516","ean":"4011800563516","name":"Corny BIG Suklaa välipalapatukka 50g","price":0.99,"storeId":725782447,"__typename":"Product","approxPrice":false,"basicQuantityUnit":"KPL","comparisonPrice":19.8,"comparisonUnit":"KGM","consumerPackageSize":null,"consumerPackageUnit":null,"priceUnit":"KPL","quantityMultiplier":1,"brandName":"Corny Big","slug":"corny-big-suklaa-valipalapatukka-50g","isAgeLimitedByAlcohol":false,"frozen":false,"packagingLabels":["UTZ Certified Cocoa"],"packagingLabelCodes":["UTZ_CERTIFIED_COCOA"],"hierarchyPath":[{"id":"1591691259121515","name":"Välipalakeksit","slug":"leivat-keksit-ja-leivonnaiset-1/keksit/valipalakeksit","__typename":"HierarchyPathItem"},{"id":"Herkku_00000065","name":"Keksit","slug":"leivat-keksit-ja-leivonnaiset-1/keksit","__typename":"HierarchyPathItem"},{"id":"Herkku_00000008","name":"Leivät, keksit ja leivonnaiset","slug":"leivat-keksit-ja-leivonnaiset-1","__typename":"HierarchyPathItem"}],"isGlobalFallback":null,"countryName":{"fi":"Saksa","__typename":"CountryName"}},{"id":"4015400363033","ean":"4015400363033","name":"Tampax tamponi Regular 20kpl","price":3.95,"storeId":725782447,"__typename":"Product","approxPrice":false,"basicQuantityUnit":"KPL","comparisonPrice":0.2,"comparisonUnit":"PCE","consumerPackageSize":null,"consumerPackageUnit":null,"priceUnit":"KPL","quantityMultiplier":1,"brandName":"Tampax","slug":"tampax-tamponi-regular-20kpl","isAgeLimitedByAlcohol":false,"frozen":false,"packagingLabels":["Single-use plastic tampons and tampon applicators."],"packagingLabelCodes":["PLASTIC_IN_PRODUCT_TAMPONS"],"hierarchyPath":[{"id":"1591691233571250","name":"Tamponit","slug":"kosmetiikka-ja-hygienia/intiimihygienia-ja-intiimituotteet/tamponit","__typename":"HierarchyPathItem"},{"id":"1591691233571247","name":"Intiimihygienia ja intiimituotteet","slug":"kosmetiikka-ja-hygienia/intiimihygienia-ja-intiimituotteet","__typename":"HierarchyPathItem"},{"id":"1591691233334707","name":"Kosmetiikka ja hygienia","slug":"kosmetiikka-ja-hygienia","__typename":"HierarchyPathItem"}],"isGlobalFallback":null,"countryName":{"fi":"Unkari","__typename":"CountryName"}},{"id":"4015400563846","ean":"4015400563846","name":"Always 44kpl Long Plus pikkuhousunsuoja","price":5.05,"storeId":725782447,"__typename":"Product","approxPrice":false,"basicQuantityUnit":"KPL","comparisonPrice":0.11,"comparisonUnit":"PCE","consumerPackageSize":null,"consumerPackageUnit":null,"priceUnit":"KPL","quantityMultiplier":1,"brandName":"Always","slug":"always-44kpl-long-plus-pikkuhousunsuoja","isAgeLimitedByAlcohol":false,"frozen":false,"packagingLabels":[],"packagingLabelCodes":[],"hierarchyPath":[{"id":"1591691233571268","name":"Pikkuhousunsuojat","slug":"kosmetiikka-ja-hygienia/intiimihygienia-ja-intiimituotteet/pikkuhousunsuojat","__typename":"HierarchyPathItem"},{"id":"1591691233571247","name":"Intiimihygienia ja intiimituotteet","slug":"kosmetiikka-ja-hygienia/intiimihygienia-ja-intiimituotteet","__typename":"HierarchyPathItem"},{"id":"1591691233334707","name":"Kosmetiikka ja hygienia","slug":"kosmetiikka-ja-hygienia","__typename":"HierarchyPathItem"}],"isGlobalFallback":null,"countryName":{"fi":"Saksa","__typename":"CountryName"}},{"id":"4015400699873","ean":"4015400699873","name":"Always 14kpl Ultra Normal 1 with wings terveysside","price":2.95,"storeId":725782447,"__typename":"Product","approxPrice":false,"basicQuantityUnit":"KPL","comparisonPrice":0.21,"comparisonUnit":"PCE","consumerPackageSize":null,"consumerPackageUnit":null,"priceUnit":"KPL","quantityMultiplier":1,"brandName":"Always","slug":"always-14kpl-ultra-normal-1-with-wings-terveysside","isAgeLimitedByAlcohol":false,"frozen":false,"packagingLabels":["Single-use plastic in wipes and sanitary towels (pads)."],"packagingLabelCodes":["PLASTIC_IN_PRODUCT_WIPES_SANITARY_PADS"],"hierarchyPath":[{"id":"1591691233571265","name":"Siteet","slug":"kosmetiikka-ja-hygienia/intiimihygienia-ja-intiimituotteet/siteet","__typename":"HierarchyPathItem"},{"id":"1591691233571247","name":"Intiimihygienia ja intiimituotteet","slug":"kosmetiikka-ja-hygienia/intiimihygienia-ja-intiimituotteet","__typename":"HierarchyPathItem"},{"id":"1591691233334707","name":"Kosmetiikka ja hygienia","slug":"kosmetiikka-ja-hygienia","__typename":"HierarchyPathItem"}],"isGlobalFallback":null,"countryName":{"fi":"Saksa","__typename":"CountryName"}},{"id":"4015400699996","ean":"4015400699996","name":"Always 16kpl Ultra Normal 1 terveysside","price":2.95,"storeId":725782447,"__typename":"Product","approxPrice":false,"basicQuantityUnit":"KPL","comparisonPrice":0.18,"comparisonUnit":"PCE","consumerPackageSize":null,"consumerPackageUnit":null,"priceUnit":"KPL","quantityMultiplier":1,"brandName":"Always","slug":"always-16kpl-ultra-normal-1-terveysside","isAgeLimitedByAlcohol":false,"frozen":false,"packagingLabels":["Single-use plastic in wipes and sanitary towels (pads)."],"packagingLabelCodes":["PLASTIC_IN_PRODUCT_WIPES_SANITARY_PADS"],"hierarchyPath":[{"id":"1591691233571265","name":"Siteet","slug":"kosmetiikka-ja-hygienia/intiimihygienia-ja-intiimituotteet/siteet","__typename":"HierarchyPathItem"},{"id":"1591691233571247","name":"Intiimihygienia ja intiimituotteet","slug":"kosmetiikka-ja-hygienia/intiimihygienia-ja-intiimituotteet","__typename":"HierarchyPathItem"},{"id":"1591691233334707","name":"Kosmetiikka ja hygienia","slug":"kosmetiikka-ja-hygienia","__typename":"HierarchyPathItem"}],"isGlobalFallback":null,"countryName":{"fi":"Saksa","__typename":"CountryName"}},{"id":"4015400700074","ean":"4015400700074","name":"Always 12kpl Ultra Long 2 with wings terveysside","price":2.95,"storeId":725782447,"__typename":"Product","approxPrice":false,"basicQuantityUnit":"KPL","comparisonPrice":0.25,"comparisonUnit":"PCE","consumerPackageSize":null,"consumerPackageUnit":null,"priceUnit":"KPL","quantityMultiplier":1,"brandName":"Always","slug":"always-12kpl-ultra-long-2-with-wings-terveysside","isAgeLimitedByAlcohol":false,"frozen":false,"packagingLabels":["Single-use plastic in wipes and sanitary towels (pads)."],"packagingLabelCodes":["PLASTIC_IN_PRODUCT_WIPES_SANITARY_PADS"],"hierarchyPath":[{"id":"1591691233571265","name":"Siteet","slug":"kosmetiikka-ja-hygienia/intiimihygienia-ja-intiimituotteet/siteet","__typename":"HierarchyPathItem"},{"id":"1591691233571247","name":"Intiimihygienia ja intiimituotteet","slug":"kosmetiikka-ja-hygienia/intiimihygienia-ja-intiimituotteet","__typename":"HierarchyPathItem"},{"id":"1591691233334707","name":"Kosmetiikka ja hygienia","slug":"kosmetiikka-ja-hygienia","__typename":"HierarchyPathItem"}],"isGlobalFallback":null,"countryName":{"fi":"Saksa","__typename":"CountryName"}},{"id":"4015953680328","ean":"4015953680328","name":"Winter Spa  Bath Set lahjapakkaus","price":7.99,"storeId":725782447,"__typename":"Product","approxPrice":false,"basicQuantityUnit":"KPL","comparisonPrice":2.66,"comparisonUnit":"PCE","consumerPackageSize":null,"consumerPackageUnit":null,"priceUnit":"KPL","quantityMultiplier":1,"brandName":"Accentra","slug":"winter-spa-bath-set-lahjapakkaus","isAgeLimitedByAlcohol":false,"frozen":false,"packagingLabels":[],"packagingLabelCodes":[],"hierarchyPath":[{"id":"1591691233832765","name":"Lahjapakkaukset","slug":"kosmetiikka-ja-hygienia/muut-kosmetiikka-ja-hygieniatuotteet/lahjapakkaukset","__typename":"HierarchyPathItem"},{"id":"1591691233832153","name":"Muut kosmetiikka ja hygieniatuotteet","slug":"kosmetiikka-ja-hygienia/muut-kosmetiikka-ja-hygieniatuotteet","__typename":"HierarchyPathItem"},{"id":"1591691233334707","name":"Kosmetiikka ja hygienia","slug":"kosmetiikka-ja-hygienia","__typename":"HierarchyPathItem"}],"isGlobalFallback":null,"countryName":{"fi":"Kiina","__typename":"CountryName"}},{"id":"4015953680465","ean":"4015953680465","name":"Winter Spa Suihkusaippua 200ml","price":4.9,"storeId":725782447,"__typename":"Product","approxPrice":false,"basicQuantityUnit":"KPL","comparisonPrice":24.5,"comparisonUnit":"LTR","consumerPackageSize":null,"consumerPackageUnit":null,"priceUnit":"KPL","quantityMultiplier":1,"brandName":"Accentra","slug":"winter-spa-suihkusaippua-200ml","isAgeLimitedByAlcohol":false,"frozen":false,"packagingLabels":[],"packagingLabelCodes":[],"hierarchyPath":[{"id":"1591691233832765","name":"Lahjapakkaukset","slug":"kosmetiikka-ja-hygienia/muut-kosmetiikka-ja-hygieniatuotteet/lahjapakkaukset","__typename":"HierarchyPathItem"},{"id":"1591691233832153","name":"Muut kosmetiikka ja hygieniatuotteet","slug":"kosmetiikka-ja-hygienia/muut-kosmetiikka-ja-hygieniatuotteet","__typename":"HierarchyPathItem"},{"id":"1591691233334707","name":"Kosmetiikka ja hygienia","slug":"kosmetiikka-ja-hygienia","__typename":"HierarchyPathItem"}],"isGlobalFallback":null,"countryName":{"fi":"Kiina","__typename":"CountryName"}},{"id":"4015953680472","ean":"4015953680472","name":"Winter Spa vartalovoide 200ml","price":4.9,"storeId":725782447,"__typename":"Product","approxPrice":false,"basicQuantityUnit":"KPL","comparisonPrice":24.5,"comparisonUnit":"LTR","consumerPackageSize":null,"consumerPackageUnit":null,"priceUnit":"KPL","quantityMultiplier":1,"brandName":"Accentra","slug":"winter-spa-vartalovoide-200ml","isAgeLimitedByAlcohol":false,"frozen":false,"packagingLabels":[],"packagingLabelCodes":[],"hierarchyPath":[{"id":"1591691233832765","name":"Lahjapakkaukset","slug":"kosmetiikka-ja-hygienia/muut-kosmetiikka-ja-hygieniatuotteet/lahjapakkaukset","__typename":"HierarchyPathItem"},{"id":"1591691233832153","name":"Muut kosmetiikka ja hygieniatuotteet","slug":"kosmetiikka-ja-hygienia/muut-kosmetiikka-ja-hygieniatuotteet","__typename":"HierarchyPathItem"},{"id":"1591691233334707","name":"Kosmetiikka ja hygienia","slug":"kosmetiikka-ja-hygienia","__typename":"HierarchyPathItem"}],"isGlobalFallback":null,"countryName":{"fi":"Kiina","__typename":"CountryName"}},{"id":"4015953680496","ean":"4015953680496","name":"Winter Spa käsisaippua","price":5.9,"storeId":725782447,"__typename":"Product","approxPrice":false,"basicQuantityUnit":"KPL","comparisonPrice":20.34,"comparisonUnit":"LTR","consumerPackageSize":null,"consumerPackageUnit":null,"priceUnit":"KPL","quantityMultiplier":1,"brandName":"Accentra","slug":"winter-spa-kasisaippua","isAgeLimitedByAlcohol":false,"frozen":false,"packagingLabels":[],"packagingLabelCodes":[],"hierarchyPath":[{"id":"1591691233832765","name":"Lahjapakkaukset","slug":"kosmetiikka-ja-hygienia/muut-kosmetiikka-ja-hygieniatuotteet/lahjapakkaukset","__typename":"HierarchyPathItem"},{"id":"1591691233832153","name":"Muut kosmetiikka ja hygieniatuotteet","slug":"kosmetiikka-ja-hygienia/muut-kosmetiikka-ja-hygieniatuotteet","__typename":"HierarchyPathItem"},{"id":"1591691233334707","name":"Kosmetiikka ja hygienia","slug":"kosmetiikka-ja-hygienia","__typename":"HierarchyPathItem"}],"isGlobalFallback":null,"countryName":{"fi":"Kiina","__typename":"CountryName"}},{"id":"4015953682292","ean":"4015953682292","name":"Winter Spa joulukalenteri","price":22.99,"storeId":725782447,"__typename":"Product","approxPrice":false,"basicQuantityUnit":"KPL","comparisonPrice":0.96,"comparisonUnit":"PCE","consumerPackageSize":null,"consumerPackageUnit":null,"priceUnit":"KPL","quantityMultiplier":1,"brandName":"Accentra","slug":"winter-spa-joulukalenteri","isAgeLimitedByAlcohol":false,"frozen":false,"packagingLabels":[],"packagingLabelCodes":[],"hierarchyPath":[{"id":"1591691233832765","name":"Lahjapakkaukset","slug":"kosmetiikka-ja-hygienia/muut-kosmetiikka-ja-hygieniatuotteet/lahjapakkaukset","__typename":"HierarchyPathItem"},{"id":"1591691233832153","name":"Muut kosmetiikka ja hygieniatuotteet","slug":"kosmetiikka-ja-hygienia/muut-kosmetiikka-ja-hygieniatuotteet","__typename":"HierarchyPathItem"},{"id":"1591691233334707","name":"Kosmetiikka ja hygienia","slug":"kosmetiikka-ja-hygienia","__typename":"HierarchyPathItem"}],"isGlobalFallback":null,"countryName":{"fi":"Kiina","__typename":"CountryName"}},{"id":"4023600011265","ean":"4023600011265","name":"Dr. Oetker PAULA Vanilja-Suklaa vanukas +suklaarakeet 125g","price":1.19,"storeId":725782447,"__typename":"Product","approxPrice":false,"basicQuantityUnit":"KPL","comparisonPrice":9.52,"comparisonUnit":"KGM","consumerPackageSize":null,"consumerPackageUnit":null,"priceUnit":"KPL","quantityMultiplier":1,"brandName":"Paula","slug":"dr-oetker-paula-vanilja-suklaa-vanukas-suklaarakeet-125g","isAgeLimitedByAlcohol":false,"frozen":false,"packagingLabels":[],"packagingLabelCodes":[],"hierarchyPath":[{"id":"Herkku_00000625","name":"Vanukkaat","slug":"maito-munat-ja-rasvat-0/rahkat-vanukkaat-ja-jalkiruoka/vanukkaat","__typename":"HierarchyPathItem"},{"id":"Herkku_00000115","name":"Rahkat, vanukkaat ja jälkiruoka","slug":"maito-munat-ja-rasvat-0/rahkat-vanukkaat-ja-jalkiruoka","__typename":"HierarchyPathItem"},{"id":"Herkku_00000006","name":"Maito, munat ja rasvat","slug":"maito-munat-ja-rasvat-0","__typename":"HierarchyPathItem"}],"isGlobalFallback":null,"countryName":{"fi":"Saksa","__typename":"CountryName"}},{"id":"4023600202281","ean":"4023600202281","name":"Dr. Oetker Paula Suklaavanukas ja vaniljatäplät 4x125 g","price":2.59,"storeId":725782447,"__typename":"Product","approxPrice":false,"basicQuantityUnit":"KPL","comparisonPrice":5.18,"comparisonUnit":"KGM","consumerPackageSize":null,"consumerPackageUnit":null,"priceUnit":"KPL","quantityMultiplier":1,"brandName":"Paula","slug":"dr-oetker-paula-suklaavanukas-ja-vaniljataplat-4x125-g","isAgeLimitedByAlcohol":false,"frozen":false,"packagingLabels":[],"packagingLabelCodes":[],"hierarchyPath":[{"id":"Herkku_00000625","name":"Vanukkaat","slug":"maito-munat-ja-rasvat-0/rahkat-vanukkaat-ja-jalkiruoka/vanukkaat","__typename":"HierarchyPathItem"},{"id":"Herkku_00000115","name":"Rahkat, vanukkaat ja jälkiruoka","slug":"maito-munat-ja-rasvat-0/rahkat-vanukkaat-ja-jalkiruoka","__typename":"HierarchyPathItem"},{"id":"Herkku_00000006","name":"Maito, munat ja rasvat","slug":"maito-munat-ja-rasvat-0","__typename":"HierarchyPathItem"}],"isGlobalFallback":null,"countryName":{"fi":"Saksa","__typename":"CountryName"}},{"id":"4023600202304","ean":"4023600202304","name":"Dr. Oetker PAULA Vaniljavanukas ja suklaatäplät 4x125 g","price":2.59,"storeId":725782447,"__typename":"Product","approxPrice":false,"basicQuantityUnit":"KPL","comparisonPrice":5.18,"comparisonUnit":"KGM","consumerPackageSize":null,"consumerPackageUnit":null,"priceUnit":"KPL","quantityMultiplier":1,"brandName":"Paula","slug":"dr-oetker-paula-vaniljavanukas-ja-suklaataplat-4x125-g","isAgeLimitedByAlcohol":false,"frozen":false,"packagingLabels":[],"packagingLabelCodes":[],"hierarchyPath":[{"id":"Herkku_00000625","name":"Vanukkaat","slug":"maito-munat-ja-rasvat-0/rahkat-vanukkaat-ja-jalkiruoka/vanukkaat","__typename":"HierarchyPathItem"},{"id":"Herkku_00000115","name":"Rahkat, vanukkaat ja jälkiruoka","slug":"maito-munat-ja-rasvat-0/rahkat-vanukkaat-ja-jalkiruoka","__typename":"HierarchyPathItem"},{"id":"Herkku_00000006","name":"Maito, munat ja rasvat","slug":"maito-munat-ja-rasvat-0","__typename":"HierarchyPathItem"}],"isGlobalFallback":null,"countryName":{"fi":"Saksa","__typename":"CountryName"}},{"id":"4029401016102","ean":"4029401016102","name":"Fingies Mozzarella sticks ja dippi 250g espaistettu","price":4.09,"storeId":725782447,"__typename":"Product","approxPrice":false,"basicQuantityUnit":"KPL","comparisonPrice":16.36,"comparisonUnit":"KGM","consumerPackageSize":null,"consumerPackageUnit":null,"priceUnit":"KPL","quantityMultiplier":1,"brandName":"World Of Fingerfood","slug":"fingies-mozzarella-sticks-ja-dippi-250g-espaistettu","isAgeLimitedByAlcohol":false,"frozen":true,"packagingLabels":[],"packagingLabelCodes":[],"hierarchyPath":[{"id":"1591691225905845","name":"Valmiit pakasteateriat","slug":"pakasteet-1/pakasteateriat/valmiit-pakasteateriat","__typename":"HierarchyPathItem"},{"id":"Herkku_00000129","name":"Pakasteateriat","slug":"pakasteet-1/pakasteateriat","__typename":"HierarchyPathItem"},{"id":"Herkku_00000013","name":"Pakasteet","slug":"pakasteet-1","__typename":"HierarchyPathItem"}],"isGlobalFallback":null,"countryName":{"fi":"Saksa","__typename":"CountryName"}},{"id":"4029401016409","ean":"4029401016409","name":"Fingies Cheddar jalapenos ja dippi 250g esipaistettu","price":4.09,"storeId":725782447,"__typename":"Product","approxPrice":false,"basicQuantityUnit":"KPL","comparisonPrice":16.36,"comparisonUnit":"KGM","consumerPackageSize":null,"consumerPackageUnit":null,"priceUnit":"KPL","quantityMultiplier":1,"brandName":"World Of Fingerfood","slug":"fingies-cheddar-jalapenos-ja-dippi-250g-esipaistettu","isAgeLimitedByAlcohol":false,"frozen":true,"packagingLabels":[],"packagingLabelCodes":[],"hierarchyPath":[{"id":"1591691225905845","name":"Valmiit pakasteateriat","slug":"pakasteet-1/pakasteateriat/valmiit-pakasteateriat","__typename":"HierarchyPathItem"},{"id":"Herkku_00000129","name":"Pakasteateriat","slug":"pakasteet-1/pakasteateriat","__typename":"HierarchyPathItem"},{"id":"Herkku_00000013","name":"Pakasteet","slug":"pakasteet-1","__typename":"HierarchyPathItem"}],"isGlobalFallback":null,"countryName":{"fi":"Saksa","__typename":"CountryName"}},{"id":"4032549003378","ean":"4032549003378","name":"Dovgan Kondensoitu maitotiiviste, karamellisoitu 397g","price":2.85,"storeId":725782447,"__typename":"Product","approxPrice":false,"basicQuantityUnit":"KPL","comparisonPrice":7.18,"comparisonUnit":"KGM","consumerPackageSize":null,"consumerPackageUnit":null,"priceUnit":"KPL","quantityMultiplier":1,"brandName":"Dovgan","slug":"dovgan-kondensoitu-maitotiiviste-karamellisoitu-397g","isAgeLimitedByAlcohol":false,"frozen":false,"packagingLabels":[],"packagingLabelCodes":[],"hierarchyPath":[{"id":"Herkku_00000407","name":"Leivontaperustuotteet","slug":"kuivatuotteet-ja-leivonta-1/leivontatarvikkeet/leivontaperustuotteet","__typename":"HierarchyPathItem"},{"id":"Herkku_00000072","name":"Leivontatarvikkeet","slug":"kuivatuotteet-ja-leivonta-1/leivontatarvikkeet","__typename":"HierarchyPathItem"},{"id":"Herkku_00000007","name":"Kuivatuotteet ja leivonta","slug":"kuivatuotteet-ja-leivonta-1","__typename":"HierarchyPathItem"}],"isGlobalFallback":null,"countryName":{"fi":"Alankomaat","__typename":"CountryName"}},{"id":"4033443512126","ean":"4033443512126","name":"Monolith Suolakurkku 840g/430g","price":3.29,"storeId":725782447,"__typename":"Product","approxPrice":false,"basicQuantityUnit":"KPL","comparisonPrice":7.65,"comparisonUnit":"KGM","consumerPackageSize":null,"consumerPackageUnit":null,"priceUnit":"KPL","quantityMultiplier":1,"brandName":"Euro-East","slug":"monolith-suolakurkku-840g430g","isAgeLimitedByAlcohol":false,"frozen":false,"packagingLabels":[],"packagingLabelCodes":[],"hierarchyPath":[{"id":"Herkku_00000357","name":"Kasvissäilykkeet","slug":"kuivatuotteet-ja-leivonta-1/sailykkeet/kasvissailykkeet","__typename":"HierarchyPathItem"},{"id":"Herkku_00000063","name":"Säilykkeet","slug":"kuivatuotteet-ja-leivonta-1/sailykkeet","__typename":"HierarchyPathItem"},{"id":"Herkku_00000007","name":"Kuivatuotteet ja leivonta","slug":"kuivatuotteet-ja-leivonta-1","__typename":"HierarchyPathItem"}],"isGlobalFallback":null,"countryName":{"fi":"Puola","__typename":"CountryName"}},{"id":"4063500001669","ean":"4063500001669","name":"Zimbo Schwarzwaldin kinkku 100g","price":2.59,"storeId":725782447,"__typename":"Product","approxPrice":false,"basicQuantityUnit":"KPL","comparisonPrice":25.9,"comparisonUnit":"KGM","consumerPackageSize":null,"consumerPackageUnit":null,"priceUnit":"KPL","quantityMultiplier":1,"brandName":"Zimbo","slug":"zimbo-schwarzwaldin-kinkku-100g","isAgeLimitedByAlcohol":false,"frozen":false,"packagingLabels":[],"packagingLabelCodes":[],"hierarchyPath":[{"id":"1591691245926570","name":"Kokolihaleikkeet","slug":"liha-ja-kasviproteiinit-1/kinkut-ja-leikkeleet/kokolihaleikkeet","__typename":"HierarchyPathItem"},{"id":"Herkku_00000156","name":"Kinkut ja leikkeleet","slug":"liha-ja-kasviproteiinit-1/kinkut-ja-leikkeleet","__typename":"HierarchyPathItem"},{"id":"Herkku_00000014","name":"Liha ja kasviproteiinit","slug":"liha-ja-kasviproteiinit-1","__typename":"HierarchyPathItem"}],"isGlobalFallback":null,"countryName":{"fi":"Saksa","__typename":"CountryName"}},{"id":"4064666232386","ean":"4064666232386","name":"Wella Wellaflex 250ml Ultra Strong Hiuskiinne","price":5.25,"storeId":725782447,"__typename":"Product","approxPrice":false,"basicQuantityUnit":"KPL","comparisonPrice":21,"comparisonUnit":"LTR","consumerPackageSize":null,"consumerPackageUnit":null,"priceUnit":"KPL","quantityMultiplier":1,"brandName":"Wellaflex","slug":"wella-wellaflex-250ml-ultra-strong-hiuskiinne","isAgeLimitedByAlcohol":false,"frozen":false,"packagingLabels":[],"packagingLabelCodes":[],"hierarchyPath":[{"id":"1591691233415304","name":"Hiuslakat","slug":"kosmetiikka-ja-hygienia/hiukset-ja-hiustenhoito/hiuslakat","__typename":"HierarchyPathItem"},{"id":"1591691233415300","name":"Hiukset ja hiustenhoito","slug":"kosmetiikka-ja-hygienia/hiukset-ja-hiustenhoito","__typename":"HierarchyPathItem"},{"id":"1591691233334707","name":"Kosmetiikka ja hygienia","slug":"kosmetiikka-ja-hygienia","__typename":"HierarchyPathItem"}],"isGlobalFallback":null,"countryName":{"fi":"Ranska","__typename":"CountryName"}},{"id":"4064666232409","ean":"4064666232409","name":"Wella Wellaflex 200ml Extra Strong muotovaahto","price":5.25,"storeId":725782447,"__typename":"Product","approxPrice":false,"basicQuantityUnit":"KPL","comparisonPrice":26.25,"comparisonUnit":"LTR","consumerPackageSize":null,"consumerPackageUnit":null,"priceUnit":"KPL","quantityMultiplier":1,"brandName":"Wellaflex","slug":"wella-wellaflex-200ml-extra-strong-muotovaahto","isAgeLimitedByAlcohol":false,"frozen":false,"packagingLabels":[],"packagingLabelCodes":[],"hierarchyPath":[{"id":"1591691233415307","name":"Muut hiusten muotoilutuotteet","slug":"kosmetiikka-ja-hygienia/hiukset-ja-hiustenhoito/muut-hiusten-muotoilutuotteet","__typename":"HierarchyPathItem"},{"id":"1591691233415300","name":"Hiukset ja hiustenhoito","slug":"kosmetiikka-ja-hygienia/hiukset-ja-hiustenhoito","__typename":"HierarchyPathItem"},{"id":"1591691233334707","name":"Kosmetiikka ja hygienia","slug":"kosmetiikka-ja-hygienia","__typename":"HierarchyPathItem"}],"isGlobalFallback":null,"countryName":{"fi":"Ranska","__typename":"CountryName"}},{"id":"4084500015012","ean":"4084500015012","name":"head&shoulders 225ml Classic Clean 2in1 shampoo","price":4.19,"storeId":725782447,"__typename":"Product","approxPrice":false,"basicQuantityUnit":"KPL","comparisonPrice":18.62,"comparisonUnit":"LTR","consumerPackageSize":null,"consumerPackageUnit":null,"priceUnit":"KPL","quantityMultiplier":1,"brandName":"Head & Shoulders","slug":"headandshoulders-225ml-classic-clean-2in1-shampoo","isAgeLimitedByAlcohol":false,"frozen":false,"packagingLabels":[],"packagingLabelCodes":[],"hierarchyPath":[{"id":"1591691233415301","name":"Shampoot","slug":"kosmetiikka-ja-hygienia/hiukset-ja-hiustenhoito/shampoot","__typename":"HierarchyPathItem"},{"id":"1591691233415300","name":"Hiukset ja hiustenhoito","slug":"kosmetiikka-ja-hygienia/hiukset-ja-hiustenhoito","__typename":"HierarchyPathItem"},{"id":"1591691233334707","name":"Kosmetiikka ja hygienia","slug":"kosmetiikka-ja-hygienia","__typename":"HierarchyPathItem"}],"isGlobalFallback":null,"countryName":{"fi":"Ranska","__typename":"CountryName"}},{"id":"4084500709683","ean":"4084500709683","name":"Fairy 500ml Original astianpesuaine","price":3.05,"storeId":725782447,"__typename":"Product","approxPrice":false,"basicQuantityUnit":"KPL","comparisonPrice":6.1,"comparisonUnit":"LTR","consumerPackageSize":null,"consumerPackageUnit":null,"priceUnit":"KPL","quantityMultiplier":1,"brandName":"Fairy","slug":"fairy-500ml-original-astianpesuaine","isAgeLimitedByAlcohol":false,"frozen":false,"packagingLabels":[],"packagingLabelCodes":[],"hierarchyPath":[{"id":"1591691234596268","name":"Käsitiskiaineet","slug":"kodinhoito-ja-taloustarvikkeet/astianpesu/kasitiskiaineet","__typename":"HierarchyPathItem"},{"id":"1591691234596262","name":"Astianpesu","slug":"kodinhoito-ja-taloustarvikkeet/astianpesu","__typename":"HierarchyPathItem"},{"id":"1591691234596256","name":"Kodinhoito ja taloustarvikkeet","slug":"kodinhoito-ja-taloustarvikkeet","__typename":"HierarchyPathItem"}],"isGlobalFallback":null,"countryName":{"fi":"Iso-Britannia","__typename":"CountryName"}},{"id":"4100290068004","ean":"4100290068004","name":"Arla Protein BCAA vanukas suklaa 200g laktoositon","price":1.49,"storeId":725782447,"__typename":"Product","approxPrice":false,"basicQuantityUnit":"KPL","comparisonPrice":7.45,"comparisonUnit":"KGM","consumerPackageSize":null,"consumerPackageUnit":null,"priceUnit":"KPL","quantityMultiplier":1,"brandName":"Arla Protein","slug":"arla-protein-bcaa-vanukas-suklaa-200g-laktoositon","isAgeLimitedByAlcohol":false,"frozen":false,"packagingLabels":[],"packagingLabelCodes":[],"hierarchyPath":[{"id":"Herkku_00000625","name":"Vanukkaat","slug":"maito-munat-ja-rasvat-0/rahkat-vanukkaat-ja-jalkiruoka/vanukkaat","__typename":"HierarchyPathItem"},{"id":"Herkku_00000115","name":"Rahkat, vanukkaat ja jälkiruoka","slug":"maito-munat-ja-rasvat-0/rahkat-vanukkaat-ja-jalkiruoka","__typename":"HierarchyPathItem"},{"id":"Herkku_00000006","name":"Maito, munat ja rasvat","slug":"maito-munat-ja-rasvat-0","__typename":"HierarchyPathItem"}],"isGlobalFallback":null,"countryName":{"fi":"Saksa","__typename":"CountryName"}},{"id":"4132500065022","ean":"4132500065022","name":"Abbelen Cheese Burger 2kpl","price":3.09,"storeId":725782447,"__typename":"Product","approxPrice":false,"basicQuantityUnit":"KPL","comparisonPrice":12.36,"comparisonUnit":"KGM","consumerPackageSize":null,"consumerPackageUnit":null,"priceUnit":"KPL","quantityMultiplier":1,"brandName":"Abbelen","slug":"abbelen-cheese-burger-2kpl","isAgeLimitedByAlcohol":false,"frozen":false,"packagingLabels":[],"packagingLabelCodes":[],"hierarchyPath":[{"id":"1591691237074421","name":"Hampurilaiset ja hotdogit","slug":"valmisruoka-1/valmisateriat-ja-keitot/hampurilaiset-ja-hotdogit","__typename":"HierarchyPathItem"},{"id":"1591691237074396","name":"Valmisateriat ja -keitot","slug":"valmisruoka-1/valmisateriat-ja-keitot","__typename":"HierarchyPathItem"},{"id":"StructureGroup_1356670909914497","name":"Valmisruoka","slug":"valmisruoka-1","__typename":"HierarchyPathItem"}],"isGlobalFallback":null,"countryName":{"fi":"Saksa","__typename":"CountryName"}},{"id":"4210201385530","ean":"4210201385530","name":"Oral-B Kids Cars/Mickey/Princess 2kpl vaihtoharja","price":15.95,"storeId":725782447,"__typename":"Product","approxPrice":false,"basicQuantityUnit":"KPL","comparisonPrice":7.98,"comparisonUnit":"PCE","consumerPackageSize":null,"consumerPackageUnit":null,"priceUnit":"KPL","quantityMultiplier":1,"brandName":"Oral-B","slug":"oral-b-kids-carsmickeyprincess-2kpl-vaihtoharja","isAgeLimitedByAlcohol":false,"frozen":false,"packagingLabels":[],"packagingLabelCodes":[],"hierarchyPath":[{"id":"1591691233571226","name":"Hammasharjat","slug":"kosmetiikka-ja-hygienia/suunhoito/hammasharjat","__typename":"HierarchyPathItem"},{"id":"1591691233571225","name":"Suunhoito","slug":"kosmetiikka-ja-hygienia/suunhoito","__typename":"HierarchyPathItem"},{"id":"1591691233334707","name":"Kosmetiikka ja hygienia","slug":"kosmetiikka-ja-hygienia","__typename":"HierarchyPathItem"}],"isGlobalFallback":null,"countryName":{"fi":"Saksa","__typename":"CountryName"}},{"id":"4740036012887","ean":"4740036012887","name":"La Crema kermajogurtti mandariini-hunaja 150 g","price":0.76,"storeId":725782447,"__typename":"Product","approxPrice":false,"basicQuantityUnit":"KPL","comparisonPrice":5.07,"comparisonUnit":"KGM","consumerPackageSize":null,"consumerPackageUnit":null,"priceUnit":"KPL","quantityMultiplier":1,"brandName":"Tere","slug":"la-crema-kermajogurtti-mandariini-hunaja-150-g","isAgeLimitedByAlcohol":false,"frozen":false,"packagingLabels":[],"packagingLabelCodes":[],"hierarchyPath":[{"id":"1591691235643803","name":"Maustetut jogurtit","slug":"maito-munat-ja-rasvat-0/jogurtit/maustetut-jogurtit","__typename":"HierarchyPathItem"},{"id":"Herkku_00000118","name":"Jogurtit","slug":"maito-munat-ja-rasvat-0/jogurtit","__typename":"HierarchyPathItem"},{"id":"Herkku_00000006","name":"Maito, munat ja rasvat","slug":"maito-munat-ja-rasvat-0","__typename":"HierarchyPathItem"}],"isGlobalFallback":null,"countryName":{"fi":"Viro","__typename":"CountryName"}},{"id":"4740059243152","ean":"4740059243152","name":"Bread snacks 150g leipätikut valkosipulilla","price":1.69,"storeId":725782447,"__typename":"Product","approxPrice":false,"basicQuantityUnit":"KPL","comparisonPrice":11.27,"comparisonUnit":"KGM","consumerPackageSize":null,"consumerPackageUnit":null,"priceUnit":"KPL","quantityMultiplier":1,"brandName":"Bread Snacks","slug":"bread-snacks-150g-leipatikut-valkosipulilla","isAgeLimitedByAlcohol":false,"frozen":false,"packagingLabels":[],"packagingLabelCodes":[],"hierarchyPath":[{"id":"Herkku_00000350","name":"Muut snacksit","slug":"makeiset-ja-naposteltavat-1/sipsit-ja-muut-naposteltavat/muut-snacksit","__typename":"HierarchyPathItem"},{"id":"Herkku_00000062","name":"Sipsit ja muut naposteltavat","slug":"makeiset-ja-naposteltavat-1/sipsit-ja-muut-naposteltavat","__typename":"HierarchyPathItem"},{"id":"Herkku_00000009","name":"Makeiset ja naposteltavat","slug":"makeiset-ja-naposteltavat-1","__typename":"HierarchyPathItem"}],"isGlobalFallback":null,"countryName":{"fi":"Viro","__typename":"CountryName"}},{"id":"4740098080275","ean":"4740098080275","name":"6 x A. Le Coq Grapefruit Long Drink 4,7% 0,33 l tlk","price":10.74,"storeId":725782447,"__typename":"Product","approxPrice":false,"basicQuantityUnit":"KPL","comparisonPrice":4.97,"comparisonUnit":"LTR","consumerPackageSize":null,"consumerPackageUnit":null,"priceUnit":"KPL","quantityMultiplier":1,"brandName":"A. Le Coq","slug":"6-x-a-le-coq-grapefruit-long-drink-4-7-0-33-l-tlk","isAgeLimitedByAlcohol":true,"frozen":false,"packagingLabels":[],"packagingLabelCodes":[],"hierarchyPath":[{"id":"1591691240635050","name":"Greippilonkerot","slug":"juomat-1/lonkerot/greippilonkerot","__typename":"HierarchyPathItem"},{"id":"Herkku_00000139","name":"Lonkerot","slug":"juomat-1/lonkerot","__typename":"HierarchyPathItem"},{"id":"Herkku_00000005","name":"Juomat","slug":"juomat-1","__typename":"HierarchyPathItem"}],"isGlobalFallback":null,"countryName":{"fi":"Suomi","__typename":"CountryName"}},{"id":"4740098080312","ean":"4740098080312","name":"A. Le Coq Premium 4,5% olut 0,568 l tlk","price":3.19,"storeId":725782447,"__typename":"Product","approxPrice":false,"basicQuantityUnit":"KPL","comparisonPrice":5.35,"comparisonUnit":"LTR","consumerPackageSize":null,"consumerPackageUnit":null,"priceUnit":"KPL","quantityMultiplier":1,"brandName":"A. Le Coq","slug":"a-le-coq-premium-4-5-olut-0-568-l-tlk","isAgeLimitedByAlcohol":true,"frozen":false,"packagingLabels":[],"packagingLabelCodes":[],"hierarchyPath":[{"id":"Herkku_00000818","name":"Vaalea lager olut","slug":"juomat-1/oluet/vaalea-lager-olut","__typename":"HierarchyPathItem"},{"id":"Herkku_00000135","name":"Oluet","slug":"juomat-1/oluet","__typename":"HierarchyPathItem"},{"id":"Herkku_00000005","name":"Juomat","slug":"juomat-1","__typename":"HierarchyPathItem"}],"isGlobalFallback":null,"countryName":{"fi":"Suomi","__typename":"CountryName"}},{"id":"4742117001131","ean":"4742117001131","name":"Bon Soya 250g kasvisnakki","price":3.89,"storeId":725782447,"__typename":"Product","approxPrice":false,"basicQuantityUnit":"KPL","comparisonPrice":15.56,"comparisonUnit":"KGM","consumerPackageSize":null,"consumerPackageUnit":null,"priceUnit":"KPL","quantityMultiplier":1,"brandName":"Bon Soya","slug":"bon-soya-250g-kasvisnakki","isAgeLimitedByAlcohol":false,"frozen":false,"packagingLabels":[],"packagingLabelCodes":[],"hierarchyPath":[{"id":"1591691245533167","name":"Nakit","slug":"liha-ja-kasviproteiinit-1/makkarat-nakit-ja-pekonit/nakit","__typename":"HierarchyPathItem"},{"id":"1591691245533161","name":"Makkarat, nakit ja pekonit","slug":"liha-ja-kasviproteiinit-1/makkarat-nakit-ja-pekonit","__typename":"HierarchyPathItem"},{"id":"Herkku_00000014","name":"Liha ja kasviproteiinit","slug":"liha-ja-kasviproteiinit-1","__typename":"HierarchyPathItem"}],"isGlobalFallback":null,"countryName":{"fi":"Puola","__typename":"CountryName"}},{"id":"4742117001209","ean":"4742117001209","name":"Bon Soya 100g savustettu ja viipaloitu salaminmakuinen kasvisleikkele.","price":2.49,"storeId":725782447,"__typename":"Product","approxPrice":false,"basicQuantityUnit":"KPL","comparisonPrice":24.9,"comparisonUnit":"KGM","consumerPackageSize":null,"consumerPackageUnit":null,"priceUnit":"KPL","quantityMultiplier":1,"brandName":"Bon Soya","slug":"bon-soya-100g-savustettu-ja-viipaloitu-salaminmakuinen-kasvisleikkele","isAgeLimitedByAlcohol":false,"frozen":false,"packagingLabels":[],"packagingLabelCodes":[],"hierarchyPath":[{"id":"1591691245926571","name":"Vaaleat lihaleikkeet","slug":"liha-ja-kasviproteiinit-1/kinkut-ja-leikkeleet/vaaleat-lihaleikkeet","__typename":"HierarchyPathItem"},{"id":"Herkku_00000156","name":"Kinkut ja leikkeleet","slug":"liha-ja-kasviproteiinit-1/kinkut-ja-leikkeleet","__typename":"HierarchyPathItem"},{"id":"Herkku_00000014","name":"Liha ja kasviproteiinit","slug":"liha-ja-kasviproteiinit-1","__typename":"HierarchyPathItem"}],"isGlobalFallback":null,"countryName":{"fi":"Puola","__typename":"CountryName"}},{"id":"4742476001032","ean":"4742476001032","name":"Chef Lundén Kinkku-juusto patonki 200g","price":3.79,"storeId":725782447,"__typename":"Product","approxPrice":false,"basicQuantityUnit":"KPL","comparisonPrice":18.95,"comparisonUnit":"KGM","consumerPackageSize":null,"consumerPackageUnit":null,"priceUnit":"KPL","quantityMultiplier":1,"brandName":"Chef Lunden","slug":"chef-lunden-kinkku-juusto-patonki-200g","isAgeLimitedByAlcohol":false,"frozen":false,"packagingLabels":[],"packagingLabelCodes":[],"hierarchyPath":[{"id":"1591691237218566","name":"Leivät, paninit ja wrapit","slug":"valmisruoka-1/valmisateriat-ja-keitot/leivat-paninit-ja-wrapit","__typename":"HierarchyPathItem"},{"id":"1591691237074396","name":"Valmisateriat ja -keitot","slug":"valmisruoka-1/valmisateriat-ja-keitot","__typename":"HierarchyPathItem"},{"id":"StructureGroup_1356670909914497","name":"Valmisruoka","slug":"valmisruoka-1","__typename":"HierarchyPathItem"}],"isGlobalFallback":null,"countryName":{"fi":"Viro","__typename":"CountryName"}},{"id":"4742476001483","ean":"4742476001483","name":"Makula Lämminsavulohi sandwich 210g","price":4.49,"storeId":725782447,"__typename":"Product","approxPrice":false,"basicQuantityUnit":"KPL","comparisonPrice":21.38,"comparisonUnit":"KGM","consumerPackageSize":null,"consumerPackageUnit":null,"priceUnit":"KPL","quantityMultiplier":1,"brandName":"Makula","slug":"makula-lamminsavulohi-sandwich-210g","isAgeLimitedByAlcohol":false,"frozen":false,"packagingLabels":[],"packagingLabelCodes":[],"hierarchyPath":[{"id":"1591691237218566","name":"Leivät, paninit ja wrapit","slug":"valmisruoka-1/valmisateriat-ja-keitot/leivat-paninit-ja-wrapit","__typename":"HierarchyPathItem"},{"id":"1591691237074396","name":"Valmisateriat ja -keitot","slug":"valmisruoka-1/valmisateriat-ja-keitot","__typename":"HierarchyPathItem"},{"id":"StructureGroup_1356670909914497","name":"Valmisruoka","slug":"valmisruoka-1","__typename":"HierarchyPathItem"}],"isGlobalFallback":null,"countryName":{"fi":"Viro","__typename":"CountryName"}},{"id":"4742476002442","ean":"4742476002442","name":"Makula Kinkku-juustociabatta 270g","price":4.49,"storeId":725782447,"__typename":"Product","approxPrice":false,"basicQuantityUnit":"KPL","comparisonPrice":16.63,"comparisonUnit":"KGM","consumerPackageSize":null,"consumerPackageUnit":null,"priceUnit":"KPL","quantityMultiplier":1,"brandName":"Makula","slug":"makula-kinkku-juustociabatta-270g","isAgeLimitedByAlcohol":false,"frozen":false,"packagingLabels":[],"packagingLabelCodes":[],"hierarchyPath":[{"id":"1591691237218566","name":"Leivät, paninit ja wrapit","slug":"valmisruoka-1/valmisateriat-ja-keitot/leivat-paninit-ja-wrapit","__typename":"HierarchyPathItem"},{"id":"1591691237074396","name":"Valmisateriat ja -keitot","slug":"valmisruoka-1/valmisateriat-ja-keitot","__typename":"HierarchyPathItem"},{"id":"StructureGroup_1356670909914497","name":"Valmisruoka","slug":"valmisruoka-1","__typename":"HierarchyPathItem"}],"isGlobalFallback":null,"countryName":{"fi":"Viro","__typename":"CountryName"}},{"id":"4742476003944","ean":"4742476003944","name":"Chef Lundén Kana-caesar patonki 200g","price":3.79,"storeId":725782447,"__typename":"Product","approxPrice":false,"basicQuantityUnit":"KPL","comparisonPrice":18.95,"comparisonUnit":"KGM","consumerPackageSize":null,"consumerPackageUnit":null,"priceUnit":"KPL","quantityMultiplier":1,"brandName":"Chef Lunden","slug":"chef-lunden-kana-caesar-patonki-200g","isAgeLimitedByAlcohol":false,"frozen":false,"packagingLabels":[],"packagingLabelCodes":[],"hierarchyPath":[{"id":"1591691237218566","name":"Leivät, paninit ja wrapit","slug":"valmisruoka-1/valmisateriat-ja-keitot/leivat-paninit-ja-wrapit","__typename":"HierarchyPathItem"},{"id":"1591691237074396","name":"Valmisateriat ja -keitot","slug":"valmisruoka-1/valmisateriat-ja-keitot","__typename":"HierarchyPathItem"},{"id":"StructureGroup_1356670909914497","name":"Valmisruoka","slug":"valmisruoka-1","__typename":"HierarchyPathItem"}],"isGlobalFallback":null,"countryName":{"fi":"Viro","__typename":"CountryName"}},{"id":"4742476005726","ean":"4742476005726","name":"Chef Lundén Kana-pekoni wrap 200g","price":3.89,"storeId":725782447,"__typename":"Product","approxPrice":false,"basicQuantityUnit":"KPL","comparisonPrice":19.45,"comparisonUnit":"KGM","consumerPackageSize":null,"consumerPackageUnit":null,"priceUnit":"KPL","quantityMultiplier":1,"brandName":"Lunden","slug":"chef-lunden-kana-pekoni-wrap-200g","isAgeLimitedByAlcohol":false,"frozen":false,"packagingLabels":[],"packagingLabelCodes":[],"hierarchyPath":[{"id":"1591691237218566","name":"Leivät, paninit ja wrapit","slug":"valmisruoka-1/valmisateriat-ja-keitot/leivat-paninit-ja-wrapit","__typename":"HierarchyPathItem"},{"id":"1591691237074396","name":"Valmisateriat ja -keitot","slug":"valmisruoka-1/valmisateriat-ja-keitot","__typename":"HierarchyPathItem"},{"id":"StructureGroup_1356670909914497","name":"Valmisruoka","slug":"valmisruoka-1","__typename":"HierarchyPathItem"}],"isGlobalFallback":null,"countryName":{"fi":"Viro","__typename":"CountryName"}},{"id":"4742885010212","ean":"4742885010212","name":"VegeSun 500g tumma soijarouhe","price":3.39,"storeId":725782447,"__typename":"Product","approxPrice":false,"basicQuantityUnit":"KPL","comparisonPrice":6.78,"comparisonUnit":"KGM","consumerPackageSize":null,"consumerPackageUnit":null,"priceUnit":"KPL","quantityMultiplier":1,"brandName":"VegeSun","slug":"vegesun-500g-tumma-soijarouhe","isAgeLimitedByAlcohol":false,"frozen":false,"packagingLabels":[],"packagingLabelCodes":[],"hierarchyPath":[{"id":"Herkku_00000376","name":"Rouheet","slug":"kuivatuotteet-ja-leivonta-1/leseet-alkiot-rouheet/rouheet","__typename":"HierarchyPathItem"},{"id":"Herkku_00000067","name":"Leseet, alkiot, rouheet","slug":"kuivatuotteet-ja-leivonta-1/leseet-alkiot-rouheet","__typename":"HierarchyPathItem"},{"id":"Herkku_00000007","name":"Kuivatuotteet ja leivonta","slug":"kuivatuotteet-ja-leivonta-1","__typename":"HierarchyPathItem"}],"isGlobalFallback":null,"countryName":null},{"id":"4743296001288","ean":"4743296001288","name":"FINCHY Auringonkukansiemen ulkolinnuille 1,7 kg","price":6.9,"storeId":725782447,"__typename":"Product","approxPrice":false,"basicQuantityUnit":"KPL","comparisonPrice":4.06,"comparisonUnit":"KGM","consumerPackageSize":null,"consumerPackageUnit":null,"priceUnit":"KPL","quantityMultiplier":1,"brandName":"Finchy","slug":"finchy-auringonkukansiemen-ulkolinnuille-1-7-kg","isAgeLimitedByAlcohol":false,"frozen":false,"packagingLabels":[],"packagingLabelCodes":[],"hierarchyPath":[{"id":"Herkku_00000543","name":"Ulkolintujen ruoat","slug":"lemmikit-1/muut-elainten-ruoat/ulkolintujen-ruoat","__typename":"HierarchyPathItem"},{"id":"Herkku_00000103","name":"Muut eläinten ruoat","slug":"lemmikit-1/muut-elainten-ruoat","__typename":"HierarchyPathItem"},{"id":"Herkku_00000012","name":"Lemmikit","slug":"lemmikit-1","__typename":"HierarchyPathItem"}],"isGlobalFallback":null,"countryName":{"fi":"Ukraina","__typename":"CountryName"}},{"id":"4744808010149","ean":"4744808010149","name":"Nordmel 250g hunaja kiteinen","price":2.45,"storeId":725782447,"__typename":"Product","approxPrice":false,"basicQuantityUnit":"KPL","comparisonPrice":9.8,"comparisonUnit":"KGM","consumerPackageSize":null,"consumerPackageUnit":null,"priceUnit":"KPL","quantityMultiplier":1,"brandName":"Nordmel","slug":"nordmel-250g-hunaja-kiteinen","isAgeLimitedByAlcohol":false,"frozen":false,"packagingLabels":[],"packagingLabelCodes":[],"hierarchyPath":[{"id":"Herkku_00000448","name":"Hunajat","slug":"kuivatuotteet-ja-leivonta-1/sokerit-makeutusaineet-ja-hunaja/hunajat","__typename":"HierarchyPathItem"},{"id":"Herkku_00000084","name":"Sokerit, makeutusaineet ja hunaja","slug":"kuivatuotteet-ja-leivonta-1/sokerit-makeutusaineet-ja-hunaja","__typename":"HierarchyPathItem"},{"id":"Herkku_00000007","name":"Kuivatuotteet ja leivonta","slug":"kuivatuotteet-ja-leivonta-1","__typename":"HierarchyPathItem"}],"isGlobalFallback":null,"countryName":{"fi":"Viro","__typename":"CountryName"}},{"id":"4751001585572","ean":"4751001585572","name":"OLD RIGA Savustettu kilohaili öljyssä 250g/175g","price":4.25,"storeId":725782447,"__typename":"Product","approxPrice":false,"basicQuantityUnit":"KPL","comparisonPrice":24.29,"comparisonUnit":"KGM","consumerPackageSize":null,"consumerPackageUnit":null,"priceUnit":"KPL","quantityMultiplier":1,"brandName":"Old Riga","slug":"old-riga-savustettu-kilohaili-oljyssa-250g175g","isAgeLimitedByAlcohol":false,"frozen":false,"packagingLabels":[],"packagingLabelCodes":[],"hierarchyPath":[{"id":"Herkku_00000352","name":"Kala- ja äyriäissäilykkeet","slug":"kuivatuotteet-ja-leivonta-1/sailykkeet/kala-ja-ayriaissailykkeet","__typename":"HierarchyPathItem"},{"id":"Herkku_00000063","name":"Säilykkeet","slug":"kuivatuotteet-ja-leivonta-1/sailykkeet","__typename":"HierarchyPathItem"},{"id":"Herkku_00000007","name":"Kuivatuotteet ja leivonta","slug":"kuivatuotteet-ja-leivonta-1","__typename":"HierarchyPathItem"}],"isGlobalFallback":null,"countryName":{"fi":"Latvia","__typename":"CountryName"}},{"id":"4770301231293","ean":"4770301231293","name":"Kane´s Soda Pop Chula Vista Crush Vadelma&Sitruuna 0,5 l kmp","price":2.15,"storeId":725782447,"__typename":"Product","approxPrice":false,"basicQuantityUnit":"KPL","comparisonPrice":3.9,"comparisonUnit":"LTR","consumerPackageSize":null,"consumerPackageUnit":null,"priceUnit":"KPL","quantityMultiplier":1,"brandName":"Olvi","slug":"kanes-soda-pop-chula-vista-crush-vadelmaandsitruuna-0-5-l-kmp","isAgeLimitedByAlcohol":false,"frozen":false,"packagingLabels":[],"packagingLabelCodes":[],"hierarchyPath":[{"id":"Herkku_00000797","name":"Muut virvoitusjuomat","slug":"juomat-1/virvoitusjuomat/muut-virvoitusjuomat","__typename":"HierarchyPathItem"},{"id":"Herkku_00000048","name":"Virvoitusjuomat","slug":"juomat-1/virvoitusjuomat","__typename":"HierarchyPathItem"},{"id":"Herkku_00000005","name":"Juomat","slug":"juomat-1","__typename":"HierarchyPathItem"}],"isGlobalFallback":null,"countryName":{"fi":"Suomi","__typename":"CountryName"}},{"id":"4770301236786","ean":"4770301236786","name":"Kane´s Soda Pop Xmas Special 0,5 l kmp","price":2.15,"storeId":725782447,"__typename":"Product","approxPrice":false,"basicQuantityUnit":"KPL","comparisonPrice":3.9,"comparisonUnit":"LTR","consumerPackageSize":null,"consumerPackageUnit":null,"priceUnit":"KPL","quantityMultiplier":1,"brandName":"Kane’s","slug":"kanes-soda-pop-xmas-special-0-5-l-kmp","isAgeLimitedByAlcohol":false,"frozen":false,"packagingLabels":[],"packagingLabelCodes":[],"hierarchyPath":[{"id":"1591691224561860","name":"Kausijuomat","slug":"juomat-1/kausijuomat","__typename":"HierarchyPathItem"},{"id":"Herkku_00000005","name":"Juomat","slug":"juomat-1","__typename":"HierarchyPathItem"}],"isGlobalFallback":null,"countryName":{"fi":"Viro","__typename":"CountryName"}},{"id":"4779028345641","ean":"4779028345641","name":"Estrella Sourcream & Onion Kuorrutettu maapähkinä 140g","price":1.95,"storeId":725782447,"__typename":"Product","approxPrice":false,"basicQuantityUnit":"KPL","comparisonPrice":13.93,"comparisonUnit":"KGM","consumerPackageSize":null,"consumerPackageUnit":null,"priceUnit":"KPL","quantityMultiplier":1,"brandName":"Estrella","slug":"estrella-sourcream-and-onion-kuorrutettu-maapahkina-140g","isAgeLimitedByAlcohol":false,"frozen":false,"packagingLabels":["Green Dot"],"packagingLabelCodes":["GREEN_DOT"],"hierarchyPath":[{"id":"Herkku_00000305","name":"Pähkinät","slug":"kuivatuotteet-ja-leivonta-1/siemenet-pahkinat-ja-kuivatut-hedelmat/pahkinat","__typename":"HierarchyPathItem"},{"id":"Herkku_00000050","name":"Siemenet, pähkinät ja kuivatut hedelmät","slug":"kuivatuotteet-ja-leivonta-1/siemenet-pahkinat-ja-kuivatut-hedelmat","__typename":"HierarchyPathItem"},{"id":"Herkku_00000007","name":"Kuivatuotteet ja leivonta","slug":"kuivatuotteet-ja-leivonta-1","__typename":"HierarchyPathItem"}],"isGlobalFallback":null,"countryName":{"fi":"Puola","__typename":"CountryName"}},{"id":"4902580724894","ean":"4902580724894","name":"Maxell AA alkaliparisto 10kpl","price":4.89,"storeId":725782447,"__typename":"Product","approxPrice":false,"basicQuantityUnit":"KPL","comparisonPrice":0.49,"comparisonUnit":"PCE","consumerPackageSize":null,"consumerPackageUnit":null,"priceUnit":"KPL","quantityMultiplier":1,"brandName":"Maxell","slug":"maxell-aa-alkaliparisto-10kpl","isAgeLimitedByAlcohol":false,"frozen":false,"packagingLabels":[],"packagingLabelCodes":[],"hierarchyPath":null,"isGlobalFallback":null,"countryName":{"fi":"Kiina","__typename":"CountryName"}},{"id":"4902580724924","ean":"4902580724924","name":"Maxell AAA alkaliparisto 10kpl","price":4.89,"storeId":725782447,"__typename":"Product","approxPrice":false,"basicQuantityUnit":"KPL","comparisonPrice":0.49,"comparisonUnit":"PCE","consumerPackageSize":null,"consumerPackageUnit":null,"priceUnit":"KPL","quantityMultiplier":1,"brandName":"Maxell","slug":"maxell-aaa-alkaliparisto-10kpl","isAgeLimitedByAlcohol":false,"frozen":false,"packagingLabels":[],"packagingLabelCodes":[],"hierarchyPath":null,"isGlobalFallback":null,"countryName":{"fi":"Kiina","__typename":"CountryName"}},{"id":"5000157024671","ean":"5000157024671","name":"Heinz Valkoisia papuja tomaattikastikkeessa 415g","price":2.45,"storeId":725782447,"__typename":"Product","approxPrice":false,"basicQuantityUnit":"KPL","comparisonPrice":5.9,"comparisonUnit":"KGM","consumerPackageSize":null,"consumerPackageUnit":null,"priceUnit":"KPL","quantityMultiplier":1,"brandName":"Heinz","slug":"heinz-valkoisia-papuja-tomaattikastikkeessa-415g","isAgeLimitedByAlcohol":false,"frozen":false,"packagingLabels":[],"packagingLabelCodes":[],"hierarchyPath":[{"id":"Herkku_00000357","name":"Kasvissäilykkeet","slug":"kuivatuotteet-ja-leivonta-1/sailykkeet/kasvissailykkeet","__typename":"HierarchyPathItem"},{"id":"Herkku_00000063","name":"Säilykkeet","slug":"kuivatuotteet-ja-leivonta-1/sailykkeet","__typename":"HierarchyPathItem"},{"id":"Herkku_00000007","name":"Kuivatuotteet ja leivonta","slug":"kuivatuotteet-ja-leivonta-1","__typename":"HierarchyPathItem"}],"isGlobalFallback":null,"countryName":{"fi":"Iso-Britannia","__typename":"CountryName"}},{"id":"5000159407236","ean":"5000159407236","name":"Mars 51g","price":0.79,"storeId":725782447,"__typename":"Product","approxPrice":false,"basicQuantityUnit":"KPL","comparisonPrice":15.49,"comparisonUnit":"KGM","consumerPackageSize":null,"consumerPackageUnit":null,"priceUnit":"KPL","quantityMultiplier":1,"brandName":"Mars","slug":"mars-51g","isAgeLimitedByAlcohol":false,"frozen":false,"packagingLabels":[],"packagingLabelCodes":[],"hierarchyPath":[{"id":"Herkku_00000333","name":"Suklaapatukat","slug":"makeiset-ja-naposteltavat-1/suklaat/suklaapatukat","__typename":"HierarchyPathItem"},{"id":"Herkku_00000060","name":"Suklaat","slug":"makeiset-ja-naposteltavat-1/suklaat","__typename":"HierarchyPathItem"},{"id":"Herkku_00000009","name":"Makeiset ja naposteltavat","slug":"makeiset-ja-naposteltavat-1","__typename":"HierarchyPathItem"}],"isGlobalFallback":null,"countryName":{"fi":"Alankomaat","__typename":"CountryName"}},{"id":"5000159459228","ean":"5000159459228","name":"Twix 50g","price":0.79,"storeId":725782447,"__typename":"Product","approxPrice":false,"basicQuantityUnit":"KPL","comparisonPrice":15.8,"comparisonUnit":"KGM","consumerPackageSize":null,"consumerPackageUnit":null,"priceUnit":"KPL","quantityMultiplier":1,"brandName":"Twix","slug":"twix-50g","isAgeLimitedByAlcohol":false,"frozen":false,"packagingLabels":[],"packagingLabelCodes":[],"hierarchyPath":[{"id":"Herkku_00000333","name":"Suklaapatukat","slug":"makeiset-ja-naposteltavat-1/suklaat/suklaapatukat","__typename":"HierarchyPathItem"},{"id":"Herkku_00000060","name":"Suklaat","slug":"makeiset-ja-naposteltavat-1/suklaat","__typename":"HierarchyPathItem"},{"id":"Herkku_00000009","name":"Makeiset ja naposteltavat","slug":"makeiset-ja-naposteltavat-1","__typename":"HierarchyPathItem"}],"isGlobalFallback":null,"countryName":{"fi":"Alankomaat","__typename":"CountryName"}},{"id":"5000159460866","ean":"5000159460866","name":"Mars Xtra jäätelöpatukka 60g/74ml","price":1.15,"storeId":725782447,"__typename":"Product","approxPrice":false,"basicQuantityUnit":"KPL","comparisonPrice":19.17,"comparisonUnit":"KGM","consumerPackageSize":null,"consumerPackageUnit":null,"priceUnit":"KPL","quantityMultiplier":1,"brandName":"Mars","slug":"mars-xtra-jaatelopatukka-60g74ml","isAgeLimitedByAlcohol":false,"frozen":true,"packagingLabels":[],"packagingLabelCodes":[],"hierarchyPath":[{"id":"1591691225905928","name":"Yksittäiset jäätelöt","slug":"pakasteet-1/jaatelot/yksittaiset-jaatelot","__typename":"HierarchyPathItem"},{"id":"Herkku_00000130","name":"Jäätelöt","slug":"pakasteet-1/jaatelot","__typename":"HierarchyPathItem"},{"id":"Herkku_00000013","name":"Pakasteet","slug":"pakasteet-1","__typename":"HierarchyPathItem"}],"isGlobalFallback":null,"countryName":{"fi":"Ranska","__typename":"CountryName"}},{"id":"5000159461122","ean":"5000159461122","name":"Snickers 50g","price":0.79,"storeId":725782447,"__typename":"Product","approxPrice":false,"basicQuantityUnit":"KPL","comparisonPrice":15.8,"comparisonUnit":"KGM","consumerPackageSize":null,"consumerPackageUnit":null,"priceUnit":"KPL","quantityMultiplier":1,"brandName":"Snickers","slug":"snickers-50g","isAgeLimitedByAlcohol":false,"frozen":false,"packagingLabels":[],"packagingLabelCodes":[],"hierarchyPath":[{"id":"Herkku_00000333","name":"Suklaapatukat","slug":"makeiset-ja-naposteltavat-1/suklaat/suklaapatukat","__typename":"HierarchyPathItem"},{"id":"Herkku_00000060","name":"Suklaat","slug":"makeiset-ja-naposteltavat-1/suklaat","__typename":"HierarchyPathItem"},{"id":"Herkku_00000009","name":"Makeiset ja naposteltavat","slug":"makeiset-ja-naposteltavat-1","__typename":"HierarchyPathItem"}],"isGlobalFallback":null,"countryName":{"fi":"Alankomaat","__typename":"CountryName"}},{"id":"5000159486972","ean":"5000159486972","name":"Twix White 46g","price":0.79,"storeId":725782447,"__typename":"Product","approxPrice":false,"basicQuantityUnit":"KPL","comparisonPrice":17.17,"comparisonUnit":"KGM","consumerPackageSize":null,"consumerPackageUnit":null,"priceUnit":"KPL","quantityMultiplier":1,"brandName":"Twix","slug":"twix-white-46g","isAgeLimitedByAlcohol":false,"frozen":false,"packagingLabels":[],"packagingLabelCodes":[],"hierarchyPath":[{"id":"Herkku_00000333","name":"Suklaapatukat","slug":"makeiset-ja-naposteltavat-1/suklaat/suklaapatukat","__typename":"HierarchyPathItem"},{"id":"Herkku_00000060","name":"Suklaat","slug":"makeiset-ja-naposteltavat-1/suklaat","__typename":"HierarchyPathItem"},{"id":"Herkku_00000009","name":"Makeiset ja naposteltavat","slug":"makeiset-ja-naposteltavat-1","__typename":"HierarchyPathItem"}],"isGlobalFallback":null,"countryName":{"fi":"Saksa","__typename":"CountryName"}},{"id":"5000159528320","ean":"5000159528320","name":"BE-KIND Honey Roasted Nuts & Sea Salt 40g","price":2.15,"storeId":725782447,"__typename":"Product","approxPrice":false,"basicQuantityUnit":"KPL","comparisonPrice":53.75,"comparisonUnit":"KGM","consumerPackageSize":null,"consumerPackageUnit":null,"priceUnit":"KPL","quantityMultiplier":1,"brandName":"BE-KIND","slug":"be-kind-honey-roasted-nuts-and-sea-salt-40g","isAgeLimitedByAlcohol":false,"frozen":false,"packagingLabels":[],"packagingLabelCodes":[],"hierarchyPath":[{"id":"1591691259548655","name":"Pähkinäpatukat ja -levyt","slug":"kuivatuotteet-ja-leivonta-1/siemenet-pahkinat-ja-kuivatut-hedelmat/pahkinapatukat-ja-levyt","__typename":"HierarchyPathItem"},{"id":"Herkku_00000050","name":"Siemenet, pähkinät ja kuivatut hedelmät","slug":"kuivatuotteet-ja-leivonta-1/siemenet-pahkinat-ja-kuivatut-hedelmat","__typename":"HierarchyPathItem"},{"id":"Herkku_00000007","name":"Kuivatuotteet ja leivonta","slug":"kuivatuotteet-ja-leivonta-1","__typename":"HierarchyPathItem"}],"isGlobalFallback":null,"countryName":{"fi":"Alankomaat","__typename":"CountryName"}},{"id":"5000159528368","ean":"5000159528368","name":"BE-KIND Peanut Butter Dark Chocolate 40g","price":2.15,"storeId":725782447,"__typename":"Product","approxPrice":false,"basicQuantityUnit":"KPL","comparisonPrice":53.75,"comparisonUnit":"KGM","consumerPackageSize":null,"consumerPackageUnit":null,"priceUnit":"KPL","quantityMultiplier":1,"brandName":"BE-KIND","slug":"be-kind-peanut-butter-dark-chocolate-40g","isAgeLimitedByAlcohol":false,"frozen":false,"packagingLabels":[],"packagingLabelCodes":[],"hierarchyPath":[{"id":"1591691259548655","name":"Pähkinäpatukat ja -levyt","slug":"kuivatuotteet-ja-leivonta-1/siemenet-pahkinat-ja-kuivatut-hedelmat/pahkinapatukat-ja-levyt","__typename":"HierarchyPathItem"},{"id":"Herkku_00000050","name":"Siemenet, pähkinät ja kuivatut hedelmät","slug":"kuivatuotteet-ja-leivonta-1/siemenet-pahkinat-ja-kuivatut-hedelmat","__typename":"HierarchyPathItem"},{"id":"Herkku_00000007","name":"Kuivatuotteet ja leivonta","slug":"kuivatuotteet-ja-leivonta-1","__typename":"HierarchyPathItem"}],"isGlobalFallback":null,"countryName":{"fi":"Alankomaat","__typename":"CountryName"}},{"id":"5000159528481","ean":"5000159528481","name":"BE-KIND Dark Chocolate Nuts & Sea Salt 40g","price":2.15,"storeId":725782447,"__typename":"Product","approxPrice":false,"basicQuantityUnit":"KPL","comparisonPrice":53.75,"comparisonUnit":"KGM","consumerPackageSize":null,"consumerPackageUnit":null,"priceUnit":"KPL","quantityMultiplier":1,"brandName":"BE-KIND","slug":"be-kind-dark-chocolate-nuts-and-sea-salt-40g","isAgeLimitedByAlcohol":false,"frozen":false,"packagingLabels":[],"packagingLabelCodes":[],"hierarchyPath":[{"id":"1591691259548655","name":"Pähkinäpatukat ja -levyt","slug":"kuivatuotteet-ja-leivonta-1/siemenet-pahkinat-ja-kuivatut-hedelmat/pahkinapatukat-ja-levyt","__typename":"HierarchyPathItem"},{"id":"Herkku_00000050","name":"Siemenet, pähkinät ja kuivatut hedelmät","slug":"kuivatuotteet-ja-leivonta-1/siemenet-pahkinat-ja-kuivatut-hedelmat","__typename":"HierarchyPathItem"},{"id":"Herkku_00000007","name":"Kuivatuotteet ja leivonta","slug":"kuivatuotteet-ja-leivonta-1","__typename":"HierarchyPathItem"}],"isGlobalFallback":null,"countryName":{"fi":"Alankomaat","__typename":"CountryName"}},{"id":"5000159541459","ean":"5000159541459","name":"Mars jäätelöpatukat 6-pack 240g/297ml","price":4.15,"storeId":725782447,"__typename":"Product","approxPrice":false,"basicQuantityUnit":"KPL","comparisonPrice":17.29,"comparisonUnit":"KGM","consumerPackageSize":null,"consumerPackageUnit":null,"priceUnit":"KPL","quantityMultiplier":1,"brandName":"Mars","slug":"mars-jaatelopatukat-6-pack-240g297ml","isAgeLimitedByAlcohol":false,"frozen":true,"packagingLabels":[],"packagingLabelCodes":[],"hierarchyPath":[{"id":"1591691225905930","name":"Jäätelöpakkaukset","slug":"pakasteet-1/jaatelot/jaatelopakkaukset","__typename":"HierarchyPathItem"},{"id":"Herkku_00000130","name":"Jäätelöt","slug":"pakasteet-1/jaatelot","__typename":"HierarchyPathItem"},{"id":"Herkku_00000013","name":"Pakasteet","slug":"pakasteet-1","__typename":"HierarchyPathItem"}],"isGlobalFallback":null,"countryName":{"fi":"Ranska","__typename":"CountryName"}},{"id":"5000168001104","ean":"5000168001104","name":"Carr´s 125 g Table Water Bite Size juustokeksi","price":1.95,"storeId":725782447,"__typename":"Product","approxPrice":false,"basicQuantityUnit":"KPL","comparisonPrice":15.6,"comparisonUnit":"KGM","consumerPackageSize":null,"consumerPackageUnit":null,"priceUnit":"KPL","quantityMultiplier":1,"brandName":"Carr's","slug":"carrs-125-g-table-water-bite-size-juustokeksi","isAgeLimitedByAlcohol":false,"frozen":false,"packagingLabels":[],"packagingLabelCodes":[],"hierarchyPath":null,"isGlobalFallback":null,"countryName":{"fi":"Iso-Britannia","__typename":"CountryName"}},{"id":"5000171048080","ean":"5000171048080","name":"John West Yellowfin tonnikalaviipaleet vedessä  160g/112g","price":2.95,"storeId":725782447,"__typename":"Product","approxPrice":false,"basicQuantityUnit":"KPL","comparisonPrice":18.44,"comparisonUnit":"PCE","consumerPackageSize":null,"consumerPackageUnit":null,"priceUnit":"KPL","quantityMultiplier":1,"brandName":"John West","slug":"john-west-yellowfin-tonnikalaviipaleet-vedessa-160g112g","isAgeLimitedByAlcohol":false,"frozen":false,"packagingLabels":[],"packagingLabelCodes":[],"hierarchyPath":[{"id":"Herkku_00000352","name":"Kala- ja äyriäissäilykkeet","slug":"kuivatuotteet-ja-leivonta-1/sailykkeet/kala-ja-ayriaissailykkeet","__typename":"HierarchyPathItem"},{"id":"Herkku_00000063","name":"Säilykkeet","slug":"kuivatuotteet-ja-leivonta-1/sailykkeet","__typename":"HierarchyPathItem"},{"id":"Herkku_00000007","name":"Kuivatuotteet ja leivonta","slug":"kuivatuotteet-ja-leivonta-1","__typename":"HierarchyPathItem"}],"isGlobalFallback":null,"countryName":{"fi":"Seychellit","__typename":"CountryName"}},{"id":"5000171058904","ean":"5000171058904","name":"John West Tonnikalapala auringonkukkaöljyssä 145/95g","price":2.65,"storeId":725782447,"__typename":"Product","approxPrice":false,"basicQuantityUnit":"KPL","comparisonPrice":18.28,"comparisonUnit":"PCE","consumerPackageSize":null,"consumerPackageUnit":null,"priceUnit":"KPL","quantityMultiplier":1,"brandName":"John West","slug":"john-west-tonnikalapala-auringonkukkaoljyssa-14595g","isAgeLimitedByAlcohol":false,"frozen":false,"packagingLabels":["DOLPHIN_SAFE"],"packagingLabelCodes":["DOLPHIN_SAFE"],"hierarchyPath":[{"id":"Herkku_00000352","name":"Kala- ja äyriäissäilykkeet","slug":"kuivatuotteet-ja-leivonta-1/sailykkeet/kala-ja-ayriaissailykkeet","__typename":"HierarchyPathItem"},{"id":"Herkku_00000063","name":"Säilykkeet","slug":"kuivatuotteet-ja-leivonta-1/sailykkeet","__typename":"HierarchyPathItem"},{"id":"Herkku_00000007","name":"Kuivatuotteet ja leivonta","slug":"kuivatuotteet-ja-leivonta-1","__typename":"HierarchyPathItem"}],"isGlobalFallback":null,"countryName":{"fi":"Seychellit","__typename":"CountryName"}},{"id":"5000184321064","ean":"5000184321064","name":"Hellmann's Real Majoneesi Vapaan kanan munista 400 g","price":5.25,"storeId":725782447,"__typename":"Product","approxPrice":false,"basicQuantityUnit":"KPL","comparisonPrice":13.13,"comparisonUnit":"KGM","consumerPackageSize":null,"consumerPackageUnit":null,"priceUnit":"KPL","quantityMultiplier":1,"brandName":"Hellmann's","slug":"hellmanns-real-majoneesi-vapaan-kanan-munista-400-g","isAgeLimitedByAlcohol":false,"frozen":false,"packagingLabels":["V Label Vegetarian"],"packagingLabelCodes":["EUROPEAN_V_LABEL_VEGETARIAN"],"hierarchyPath":[{"id":"Herkku_00000079","name":"Majoneesit ja majoneesikastikkeet","slug":"oljyt-mausteet-maustaminen-1/majoneesit-ja-majoneesikastikkeet","__typename":"HierarchyPathItem"},{"id":"Herkku_00000011","name":"Öljyt, mausteet, maustaminen","slug":"oljyt-mausteet-maustaminen-1","__typename":"HierarchyPathItem"}],"isGlobalFallback":null,"countryName":{"fi":"Iso-Britannia","__typename":"CountryName"}},{"id":"5000189983281","ean":"5000189983281","name":"After Eight 400g minttutäytteinen suklaa","price":5.25,"storeId":725782447,"__typename":"Product","approxPrice":false,"basicQuantityUnit":"KPL","comparisonPrice":13.13,"comparisonUnit":"KGM","consumerPackageSize":null,"consumerPackageUnit":null,"priceUnit":"KPL","quantityMultiplier":1,"brandName":"After Eight","slug":"after-eight-400g-minttutaytteinen-suklaa","isAgeLimitedByAlcohol":false,"frozen":false,"packagingLabels":[],"packagingLabelCodes":[],"hierarchyPath":[{"id":"Herkku_00000341","name":"Suklaamakeiset","slug":"makeiset-ja-naposteltavat-1/sesonki-ja-lahjamakeiset/suklaamakeiset","__typename":"HierarchyPathItem"},{"id":"Herkku_00000061","name":"Sesonki- ja lahjamakeiset","slug":"makeiset-ja-naposteltavat-1/sesonki-ja-lahjamakeiset","__typename":"HierarchyPathItem"},{"id":"Herkku_00000009","name":"Makeiset ja naposteltavat","slug":"makeiset-ja-naposteltavat-1","__typename":"HierarchyPathItem"}],"isGlobalFallback":null,"countryName":{"fi":"Saksa","__typename":"CountryName"}},{"id":"5000204771893","ean":"5000204771893","name":"Glade 300 ml 5in1 Fresh Lemon aerosoli","price":3.95,"storeId":725782447,"__typename":"Product","approxPrice":false,"basicQuantityUnit":"KPL","comparisonPrice":13.17,"comparisonUnit":"LTR","consumerPackageSize":null,"consumerPackageUnit":null,"priceUnit":"KPL","quantityMultiplier":1,"brandName":"Glade","slug":"glade-300-ml-5in1-fresh-lemon-aerosoli","isAgeLimitedByAlcohol":false,"frozen":false,"packagingLabels":[],"packagingLabelCodes":[],"hierarchyPath":[{"id":"1591691234596345","name":"Ilmanraikastimet","slug":"kodinhoito-ja-taloustarvikkeet/siivous-ja-puhdistusaineet/ilmanraikastimet","__typename":"HierarchyPathItem"},{"id":"1591691234596327","name":"Siivous ja puhdistusaineet","slug":"kodinhoito-ja-taloustarvikkeet/siivous-ja-puhdistusaineet","__typename":"HierarchyPathItem"},{"id":"1591691234596256","name":"Kodinhoito ja taloustarvikkeet","slug":"kodinhoito-ja-taloustarvikkeet","__typename":"HierarchyPathItem"}],"isGlobalFallback":null,"countryName":{"fi":"Alankomaat","__typename":"CountryName"}},{"id":"5000204783452","ean":"5000204783452","name":"DUCK Aktiv-Gel 750ml fresh puhdistusaine","price":3.05,"storeId":725782447,"__typename":"Product","approxPrice":false,"basicQuantityUnit":"KPL","comparisonPrice":4.07,"comparisonUnit":"LTR","consumerPackageSize":null,"consumerPackageUnit":null,"priceUnit":"KPL","quantityMultiplier":1,"brandName":"Duck","slug":"duck-aktiv-gel-750ml-fresh-puhdistusaine","isAgeLimitedByAlcohol":false,"frozen":false,"packagingLabels":["Pohjoismainen ympäristömerkki (Joutsen)"],"packagingLabelCodes":["SVANEN"],"hierarchyPath":[{"id":"1591691234596341","name":"Kylpyhuoneen ja wc:n puhdistusaineet","slug":"kodinhoito-ja-taloustarvikkeet/siivous-ja-puhdistusaineet/kylpyhuoneen-ja-wc:n-puhdistusaineet","__typename":"HierarchyPathItem"},{"id":"1591691234596327","name":"Siivous ja puhdistusaineet","slug":"kodinhoito-ja-taloustarvikkeet/siivous-ja-puhdistusaineet","__typename":"HierarchyPathItem"},{"id":"1591691234596256","name":"Kodinhoito ja taloustarvikkeet","slug":"kodinhoito-ja-taloustarvikkeet","__typename":"HierarchyPathItem"}],"isGlobalFallback":null,"countryName":{"fi":"Alankomaat","__typename":"CountryName"}},{"id":"5010029000160","ean":"5010029000160","name":"Weetabix 430 g täysjyvä vehnämuroke","price":3.75,"storeId":725782447,"__typename":"Product","approxPrice":false,"basicQuantityUnit":"KPL","comparisonPrice":8.72,"comparisonUnit":"KGM","consumerPackageSize":null,"consumerPackageUnit":null,"priceUnit":"KPL","quantityMultiplier":1,"brandName":"Weetabix","slug":"weetabix-430-g-taysjyva-vehnamuroke","isAgeLimitedByAlcohol":false,"frozen":false,"packagingLabels":[],"packagingLabelCodes":[],"hierarchyPath":[{"id":"Herkku_00000316","name":"Murot","slug":"kuivatuotteet-ja-leivonta-1/hiutaleet-murot-ja-myslit/murot","__typename":"HierarchyPathItem"},{"id":"Herkku_00000053","name":"Hiutaleet, murot ja myslit","slug":"kuivatuotteet-ja-leivonta-1/hiutaleet-murot-ja-myslit","__typename":"HierarchyPathItem"},{"id":"Herkku_00000007","name":"Kuivatuotteet ja leivonta","slug":"kuivatuotteet-ja-leivonta-1","__typename":"HierarchyPathItem"}],"isGlobalFallback":null,"countryName":{"fi":"Iso-Britannia","__typename":"CountryName"}},{"id":"5010029211061","ean":"5010029211061","name":"Alpen 5x29g omena-mansikka jogurtinmakuinen kuorrutus moniviljapatukka","price":2.99,"storeId":725782447,"__typename":"Product","approxPrice":false,"basicQuantityUnit":"KPL","comparisonPrice":20.62,"comparisonUnit":"KGM","consumerPackageSize":null,"consumerPackageUnit":null,"priceUnit":"KPL","quantityMultiplier":1,"brandName":"Alpen","slug":"alpen-5x29g-omena-mansikka-jogurtinmakuinen-kuorrutus-moniviljapatukka","isAgeLimitedByAlcohol":false,"frozen":false,"packagingLabels":[],"packagingLabelCodes":[],"hierarchyPath":[{"id":"1591691259121515","name":"Välipalakeksit","slug":"leivat-keksit-ja-leivonnaiset-1/keksit/valipalakeksit","__typename":"HierarchyPathItem"},{"id":"Herkku_00000065","name":"Keksit","slug":"leivat-keksit-ja-leivonnaiset-1/keksit","__typename":"HierarchyPathItem"},{"id":"Herkku_00000008","name":"Leivät, keksit ja leivonnaiset","slug":"leivat-keksit-ja-leivonnaiset-1","__typename":"HierarchyPathItem"}],"isGlobalFallback":null,"countryName":{"fi":"Iso-Britannia","__typename":"CountryName"}},{"id":"5010029227062","ean":"5010029227062","name":"Oreo O's Vehnämuro 350g","price":4.19,"storeId":725782447,"__typename":"Product","approxPrice":false,"basicQuantityUnit":"KPL","comparisonPrice":11.97,"comparisonUnit":"KGM","consumerPackageSize":null,"consumerPackageUnit":null,"priceUnit":"KPL","quantityMultiplier":1,"brandName":"Oreo","slug":"oreo-os-vehnamuro-350g","isAgeLimitedByAlcohol":false,"frozen":false,"packagingLabels":[],"packagingLabelCodes":[],"hierarchyPath":[{"id":"Herkku_00000316","name":"Murot","slug":"kuivatuotteet-ja-leivonta-1/hiutaleet-murot-ja-myslit/murot","__typename":"HierarchyPathItem"},{"id":"Herkku_00000053","name":"Hiutaleet, murot ja myslit","slug":"kuivatuotteet-ja-leivonta-1/hiutaleet-murot-ja-myslit","__typename":"HierarchyPathItem"},{"id":"Herkku_00000007","name":"Kuivatuotteet ja leivonta","slug":"kuivatuotteet-ja-leivonta-1","__typename":"HierarchyPathItem"}],"isGlobalFallback":null,"countryName":null},{"id":"5010034013063","ean":"5010034013063","name":"Ben's Original Välimeren tapaan valmisriisi 250g","price":1.99,"storeId":725782447,"__typename":"Product","approxPrice":false,"basicQuantityUnit":"KPL","comparisonPrice":7.96,"comparisonUnit":"KGM","consumerPackageSize":null,"consumerPackageUnit":null,"priceUnit":"KPL","quantityMultiplier":1,"brandName":"Ben's Original","slug":"bens-original-valimeren-tapaan-valmisriisi-250g","isAgeLimitedByAlcohol":false,"frozen":false,"packagingLabels":[],"packagingLabelCodes":[],"hierarchyPath":[{"id":"Herkku_00000475","name":"Muut riisit","slug":"kuivatuotteet-ja-leivonta-1/riisit-pastat-ja-nuudelit/muut-riisit","__typename":"HierarchyPathItem"},{"id":"Herkku_00000088","name":"Riisit, pastat ja nuudelit","slug":"kuivatuotteet-ja-leivonta-1/riisit-pastat-ja-nuudelit","__typename":"HierarchyPathItem"},{"id":"Herkku_00000007","name":"Kuivatuotteet ja leivonta","slug":"kuivatuotteet-ja-leivonta-1","__typename":"HierarchyPathItem"}],"isGlobalFallback":null,"countryName":{"fi":"Iso-Britannia","__typename":"CountryName"}},{"id":"5010034013087","ean":"5010034013087","name":"Ben's Original Meksikolaiseen tapaan Valmisriisi 250g","price":1.99,"storeId":725782447,"__typename":"Product","approxPrice":false,"basicQuantityUnit":"KPL","comparisonPrice":7.96,"comparisonUnit":"KGM","consumerPackageSize":null,"consumerPackageUnit":null,"priceUnit":"KPL","quantityMultiplier":1,"brandName":"Ben's Original","slug":"bens-original-meksikolaiseen-tapaan-valmisriisi-250g","isAgeLimitedByAlcohol":false,"frozen":false,"packagingLabels":[],"packagingLabelCodes":[],"hierarchyPath":[{"id":"Herkku_00000475","name":"Muut riisit","slug":"kuivatuotteet-ja-leivonta-1/riisit-pastat-ja-nuudelit/muut-riisit","__typename":"HierarchyPathItem"},{"id":"Herkku_00000088","name":"Riisit, pastat ja nuudelit","slug":"kuivatuotteet-ja-leivonta-1/riisit-pastat-ja-nuudelit","__typename":"HierarchyPathItem"},{"id":"Herkku_00000007","name":"Kuivatuotteet ja leivonta","slug":"kuivatuotteet-ja-leivonta-1","__typename":"HierarchyPathItem"}],"isGlobalFallback":null,"countryName":{"fi":"Iso-Britannia","__typename":"CountryName"}},{"id":"5010134008426","ean":"5010134008426","name":"Stone's Ginger Joe 4% 33cl inkivääriolut","price":3.19,"storeId":725782447,"__typename":"Product","approxPrice":false,"basicQuantityUnit":"KPL","comparisonPrice":9.36,"comparisonUnit":"LTR","consumerPackageSize":null,"consumerPackageUnit":null,"priceUnit":"KPL","quantityMultiplier":1,"brandName":"Stones","slug":"stones-ginger-joe-4-33cl-inkivaariolut","isAgeLimitedByAlcohol":true,"frozen":false,"packagingLabels":["Carbon Footprint Ltd"],"packagingLabelCodes":["CARBON_FOOTPRINT_STANDARD"],"hierarchyPath":[{"id":"Herkku_00000816","name":"Muut oluet","slug":"juomat-1/oluet/muut-oluet","__typename":"HierarchyPathItem"},{"id":"Herkku_00000135","name":"Oluet","slug":"juomat-1/oluet","__typename":"HierarchyPathItem"},{"id":"Herkku_00000005","name":"Juomat","slug":"juomat-1","__typename":"HierarchyPathItem"}],"isGlobalFallback":null,"countryName":{"fi":"Iso-Britannia","__typename":"CountryName"}},{"id":"5010338101817","ean":"5010338101817","name":"Blue Dragon kuivattu täysjyvävehnänuudeli 300g","price":2.35,"storeId":725782447,"__typename":"Product","approxPrice":false,"basicQuantityUnit":"KPL","comparisonPrice":7.83,"comparisonUnit":"KGM","consumerPackageSize":null,"consumerPackageUnit":null,"priceUnit":"KPL","quantityMultiplier":1,"brandName":"Blue Dragon","slug":"blue-dragon-kuivattu-taysjyvavehnanuudeli-300g","isAgeLimitedByAlcohol":false,"frozen":false,"packagingLabels":[],"packagingLabelCodes":[],"hierarchyPath":[{"id":"Herkku_00000488","name":"Nuudelit","slug":"kuivatuotteet-ja-leivonta-1/riisit-pastat-ja-nuudelit/nuudelit","__typename":"HierarchyPathItem"},{"id":"Herkku_00000088","name":"Riisit, pastat ja nuudelit","slug":"kuivatuotteet-ja-leivonta-1/riisit-pastat-ja-nuudelit","__typename":"HierarchyPathItem"},{"id":"Herkku_00000007","name":"Kuivatuotteet ja leivonta","slug":"kuivatuotteet-ja-leivonta-1","__typename":"HierarchyPathItem"}],"isGlobalFallback":null,"countryName":{"fi":"Iso-Britannia","__typename":"CountryName"}},{"id":"5010394984584","ean":"5010394984584","name":"Pedigree Dentastix Medium 180g","price":2.59,"storeId":725782447,"__typename":"Product","approxPrice":false,"basicQuantityUnit":"KPL","comparisonPrice":14.39,"comparisonUnit":"KGM","consumerPackageSize":null,"consumerPackageUnit":null,"priceUnit":"KPL","quantityMultiplier":1,"brandName":"Pedigree","slug":"pedigree-dentastix-medium-180g","isAgeLimitedByAlcohol":false,"frozen":false,"packagingLabels":[],"packagingLabelCodes":[],"hierarchyPath":[{"id":"Herkku_00000540","name":"Koiran ajanvietetuotteet ja makupalat","slug":"lemmikit-1/koiranruoat/koiran-ajanvietetuotteet-ja-makupalat","__typename":"HierarchyPathItem"},{"id":"Herkku_00000102","name":"Koiranruoat","slug":"lemmikit-1/koiranruoat","__typename":"HierarchyPathItem"},{"id":"Herkku_00000012","name":"Lemmikit","slug":"lemmikit-1","__typename":"HierarchyPathItem"}],"isGlobalFallback":null,"countryName":{"fi":"Iso-Britannia","__typename":"CountryName"}},{"id":"5010677551397","ean":"5010677551397","name":"Bacardi Breezer Lime 27,5 cl lasiplo 4 %  FAB","price":3.5900000000000003,"storeId":725782447,"__typename":"Product","approxPrice":false,"basicQuantityUnit":"KPL","comparisonPrice":12.69,"comparisonUnit":"LTR","consumerPackageSize":null,"consumerPackageUnit":null,"priceUnit":"KPL","quantityMultiplier":1,"brandName":"Breezer","slug":"bacardi-breezer-lime-27-5-cl-lasiplo-4-fab","isAgeLimitedByAlcohol":true,"frozen":false,"packagingLabels":[],"packagingLabelCodes":[],"hierarchyPath":[{"id":"Herkku_00000827","name":"Cocktailit","slug":"juomat-1/alkoholijuomasekoitukset/cocktailit","__typename":"HierarchyPathItem"},{"id":"Herkku_00000136","name":"Alkoholijuomasekoitukset","slug":"juomat-1/alkoholijuomasekoitukset","__typename":"HierarchyPathItem"},{"id":"Herkku_00000005","name":"Juomat","slug":"juomat-1","__typename":"HierarchyPathItem"}],"isGlobalFallback":null,"countryName":{"fi":"Belgia","__typename":"CountryName"}},{"id":"5010724527481","ean":"5010724527481","name":"Batiste Original Kuivashampoo 200ml","price":6.29,"storeId":725782447,"__typename":"Product","approxPrice":false,"basicQuantityUnit":"KPL","comparisonPrice":31.45,"comparisonUnit":"LTR","consumerPackageSize":null,"consumerPackageUnit":null,"priceUnit":"KPL","quantityMultiplier":1,"brandName":"Batiste","slug":"batiste-original-kuivashampoo-200ml","isAgeLimitedByAlcohol":false,"frozen":false,"packagingLabels":[],"packagingLabelCodes":[],"hierarchyPath":[{"id":"1591691233415308","name":"Muut hiusten hoitotuotteet","slug":"kosmetiikka-ja-hygienia/hiukset-ja-hiustenhoito/muut-hiusten-hoitotuotteet","__typename":"HierarchyPathItem"},{"id":"1591691233415300","name":"Hiukset ja hiustenhoito","slug":"kosmetiikka-ja-hygienia/hiukset-ja-hiustenhoito","__typename":"HierarchyPathItem"},{"id":"1591691233334707","name":"Kosmetiikka ja hygienia","slug":"kosmetiikka-ja-hygienia","__typename":"HierarchyPathItem"}],"isGlobalFallback":null,"countryName":{"fi":"Iso-Britannia","__typename":"CountryName"}},{"id":"5011308303279","ean":"5011308303279","name":"Patak's Butter Chicken Currykastike 450g","price":3.55,"storeId":725782447,"__typename":"Product","approxPrice":false,"basicQuantityUnit":"KPL","comparisonPrice":7.89,"comparisonUnit":"KGM","consumerPackageSize":null,"consumerPackageUnit":null,"priceUnit":"KPL","quantityMultiplier":1,"brandName":"Patak's","slug":"pataks-butter-chicken-currykastike-450g","isAgeLimitedByAlcohol":false,"frozen":false,"packagingLabels":[],"packagingLabelCodes":[],"hierarchyPath":[{"id":"Herkku_00000421","name":"Ateriakastikkeet","slug":"oljyt-mausteet-maustaminen-1/maustekastikkeet-ja-tahnat/ateriakastikkeet","__typename":"HierarchyPathItem"},{"id":"Herkku_00000078","name":"Maustekastikkeet ja tahnat","slug":"oljyt-mausteet-maustaminen-1/maustekastikkeet-ja-tahnat","__typename":"HierarchyPathItem"},{"id":"Herkku_00000011","name":"Öljyt, mausteet, maustaminen","slug":"oljyt-mausteet-maustaminen-1","__typename":"HierarchyPathItem"}],"isGlobalFallback":null,"countryName":{"fi":"Iso-Britannia","__typename":"CountryName"}},{"id":"5011352080072","ean":"5011352080072","name":"Look Paistopussi kinkulle 45cmx55cm 2kpl","price":2.85,"storeId":725782447,"__typename":"Product","approxPrice":false,"basicQuantityUnit":"KPL","comparisonPrice":1.43,"comparisonUnit":"PCE","consumerPackageSize":null,"consumerPackageUnit":null,"priceUnit":"KPL","quantityMultiplier":1,"brandName":"Look","slug":"look-paistopussi-kinkulle-45cmx55cm-2kpl","isAgeLimitedByAlcohol":false,"frozen":false,"packagingLabels":[],"packagingLabelCodes":[],"hierarchyPath":[{"id":"1591691234054963","name":"Paistopussit ja savustuspussit","slug":"keittio-ja-kattaus/leivonta-ja-ruoanlaittotarvikkeet/paistopussit-ja-savustuspussit","__typename":"HierarchyPathItem"},{"id":"1591691234054955","name":"Leivonta- ja ruoanlaittotarvikkeet","slug":"keittio-ja-kattaus/leivonta-ja-ruoanlaittotarvikkeet","__typename":"HierarchyPathItem"},{"id":"1591691234054950","name":"Keittiö ja kattaus","slug":"keittio-ja-kattaus","__typename":"HierarchyPathItem"}],"isGlobalFallback":null,"countryName":{"fi":"Iso-Britannia","__typename":"CountryName"}},{"id":"5011428100048","ean":"5011428100048","name":"Maldon 250g Puhdas merisuola kristallihiutale","price":4.89,"storeId":725782447,"__typename":"Product","approxPrice":false,"basicQuantityUnit":"KPL","comparisonPrice":19.56,"comparisonUnit":"KGM","consumerPackageSize":null,"consumerPackageUnit":null,"priceUnit":"KPL","quantityMultiplier":1,"brandName":"Maldon","slug":"maldon-250g-puhdas-merisuola-kristallihiutale","isAgeLimitedByAlcohol":false,"frozen":false,"packagingLabels":[],"packagingLabelCodes":[],"hierarchyPath":[{"id":"Herkku_00000437","name":"Muut suolat","slug":"oljyt-mausteet-maustaminen-1/suolat/muut-suolat","__typename":"HierarchyPathItem"},{"id":"Herkku_00000080","name":"Suolat","slug":"oljyt-mausteet-maustaminen-1/suolat","__typename":"HierarchyPathItem"},{"id":"Herkku_00000011","name":"Öljyt, mausteet, maustaminen","slug":"oljyt-mausteet-maustaminen-1","__typename":"HierarchyPathItem"}],"isGlobalFallback":null,"countryName":{"fi":"Iso-Britannia","__typename":"CountryName"}},{"id":"5011476102957","ean":"5011476102957","name":"Nestlé Cheerios 375g Monivilja rapeita monivilja-täysjyvämuroja","price":3.95,"storeId":725782447,"__typename":"Product","approxPrice":false,"basicQuantityUnit":"KPL","comparisonPrice":10.53,"comparisonUnit":"KGM","consumerPackageSize":null,"consumerPackageUnit":null,"priceUnit":"KPL","quantityMultiplier":1,"brandName":"Cheerios","slug":"nestle-cheerios-375g-monivilja-rapeita-monivilja-taysjyvamuroja","isAgeLimitedByAlcohol":false,"frozen":false,"packagingLabels":[],"packagingLabelCodes":[],"hierarchyPath":[{"id":"Herkku_00000316","name":"Murot","slug":"kuivatuotteet-ja-leivonta-1/hiutaleet-murot-ja-myslit/murot","__typename":"HierarchyPathItem"},{"id":"Herkku_00000053","name":"Hiutaleet, murot ja myslit","slug":"kuivatuotteet-ja-leivonta-1/hiutaleet-murot-ja-myslit","__typename":"HierarchyPathItem"},{"id":"Herkku_00000007","name":"Kuivatuotteet ja leivonta","slug":"kuivatuotteet-ja-leivonta-1","__typename":"HierarchyPathItem"}],"isGlobalFallback":null,"countryName":{"fi":"Iso-Britannia","__typename":"CountryName"}},{"id":"5013692233118","ean":"5013692233118","name":"Jurassic World hammastahna 75ml","price":3.65,"storeId":725782447,"__typename":"Product","approxPrice":false,"basicQuantityUnit":"KPL","comparisonPrice":48.67,"comparisonUnit":"LTR","consumerPackageSize":null,"consumerPackageUnit":null,"priceUnit":"KPL","quantityMultiplier":1,"brandName":"JURASSIC WORLD","slug":"jurassic-world-hammastahna-75ml","isAgeLimitedByAlcohol":false,"frozen":false,"packagingLabels":[],"packagingLabelCodes":[],"hierarchyPath":[{"id":"1591691233832765","name":"Lahjapakkaukset","slug":"kosmetiikka-ja-hygienia/muut-kosmetiikka-ja-hygieniatuotteet/lahjapakkaukset","__typename":"HierarchyPathItem"},{"id":"1591691233832153","name":"Muut kosmetiikka ja hygieniatuotteet","slug":"kosmetiikka-ja-hygienia/muut-kosmetiikka-ja-hygieniatuotteet","__typename":"HierarchyPathItem"},{"id":"1591691233334707","name":"Kosmetiikka ja hygienia","slug":"kosmetiikka-ja-hygienia","__typename":"HierarchyPathItem"}],"isGlobalFallback":null,"countryName":{"fi":"Kiina","__typename":"CountryName"}},{"id":"5013692249133","ean":"5013692249133","name":"Baby shark laulava pesuaine 250ml","price":4.99,"storeId":725782447,"__typename":"Product","approxPrice":false,"basicQuantityUnit":"KPL","comparisonPrice":19.96,"comparisonUnit":"LTR","consumerPackageSize":null,"consumerPackageUnit":null,"priceUnit":"KPL","quantityMultiplier":1,"brandName":"Baby Shark","slug":"baby-shark-laulava-pesuaine-250ml","isAgeLimitedByAlcohol":false,"frozen":false,"packagingLabels":[],"packagingLabelCodes":[],"hierarchyPath":[{"id":"1591691233832765","name":"Lahjapakkaukset","slug":"kosmetiikka-ja-hygienia/muut-kosmetiikka-ja-hygieniatuotteet/lahjapakkaukset","__typename":"HierarchyPathItem"},{"id":"1591691233832153","name":"Muut kosmetiikka ja hygieniatuotteet","slug":"kosmetiikka-ja-hygienia/muut-kosmetiikka-ja-hygieniatuotteet","__typename":"HierarchyPathItem"},{"id":"1591691233334707","name":"Kosmetiikka ja hygienia","slug":"kosmetiikka-ja-hygienia","__typename":"HierarchyPathItem"}],"isGlobalFallback":null,"countryName":{"fi":"Kiina","__typename":"CountryName"}},{"id":"5013692261272","ean":"5013692261272","name":"Jurassic World kylpy- ja suihkugeeli 400ml","price":3.99,"storeId":725782447,"__typename":"Product","approxPrice":false,"basicQuantityUnit":"KPL","comparisonPrice":9.98,"comparisonUnit":"LTR","consumerPackageSize":null,"consumerPackageUnit":null,"priceUnit":"KPL","quantityMultiplier":1,"brandName":"JURASSIC WORLD","slug":"jurassic-world-kylpy-ja-suihkugeeli-400ml","isAgeLimitedByAlcohol":false,"frozen":false,"packagingLabels":[],"packagingLabelCodes":[],"hierarchyPath":[{"id":"1591691233832765","name":"Lahjapakkaukset","slug":"kosmetiikka-ja-hygienia/muut-kosmetiikka-ja-hygieniatuotteet/lahjapakkaukset","__typename":"HierarchyPathItem"},{"id":"1591691233832153","name":"Muut kosmetiikka ja hygieniatuotteet","slug":"kosmetiikka-ja-hygienia/muut-kosmetiikka-ja-hygieniatuotteet","__typename":"HierarchyPathItem"},{"id":"1591691233334707","name":"Kosmetiikka ja hygienia","slug":"kosmetiikka-ja-hygienia","__typename":"HierarchyPathItem"}],"isGlobalFallback":null,"countryName":{"fi":"Kiina","__typename":"CountryName"}},{"id":"5013822000030","ean":"5013822000030","name":"Western 250g kivettömiä taateleita","price":1.59,"storeId":725782447,"__typename":"Product","approxPrice":false,"basicQuantityUnit":"KPL","comparisonPrice":6.36,"comparisonUnit":"KGM","consumerPackageSize":null,"consumerPackageUnit":null,"priceUnit":"KPL","quantityMultiplier":1,"brandName":"Western","slug":"western-250g-kivettomia-taateleita","isAgeLimitedByAlcohol":false,"frozen":false,"packagingLabels":[],"packagingLabelCodes":[],"hierarchyPath":[{"id":"Herkku_00000306","name":"Kuivatut hedelmät ja marjat","slug":"kuivatuotteet-ja-leivonta-1/siemenet-pahkinat-ja-kuivatut-hedelmat/kuivatut-hedelmat-ja-marjat","__typename":"HierarchyPathItem"},{"id":"Herkku_00000050","name":"Siemenet, pähkinät ja kuivatut hedelmät","slug":"kuivatuotteet-ja-leivonta-1/siemenet-pahkinat-ja-kuivatut-hedelmat","__typename":"HierarchyPathItem"},{"id":"Herkku_00000007","name":"Kuivatuotteet ja leivonta","slug":"kuivatuotteet-ja-leivonta-1","__typename":"HierarchyPathItem"}],"isGlobalFallback":null,"countryName":{"fi":"Iran","__typename":"CountryName"}},{"id":"5013965951664","ean":"5013965951664","name":"Oral-B 75ml Pro-Expert Sensitive Protect hammastahna","price":3.9,"storeId":725782447,"__typename":"Product","approxPrice":false,"basicQuantityUnit":"KPL","comparisonPrice":52,"comparisonUnit":"LTR","consumerPackageSize":null,"consumerPackageUnit":null,"priceUnit":"KPL","quantityMultiplier":1,"brandName":"Oral-B","slug":"oral-b-75ml-pro-expert-sensitive-protect-hammastahna","isAgeLimitedByAlcohol":false,"frozen":false,"packagingLabels":[],"packagingLabelCodes":[],"hierarchyPath":[{"id":"1591691233571227","name":"Hammastahnat","slug":"kosmetiikka-ja-hygienia/suunhoito/hammastahnat","__typename":"HierarchyPathItem"},{"id":"1591691233571225","name":"Suunhoito","slug":"kosmetiikka-ja-hygienia/suunhoito","__typename":"HierarchyPathItem"},{"id":"1591691233334707","name":"Kosmetiikka ja hygienia","slug":"kosmetiikka-ja-hygienia","__typename":"HierarchyPathItem"}],"isGlobalFallback":null,"countryName":{"fi":"Saksa","__typename":"CountryName"}},{"id":"5014271796536","ean":"5014271796536","name":"St. Dalfour Viikunahillo 284g","price":4.15,"storeId":725782447,"__typename":"Product","approxPrice":false,"basicQuantityUnit":"KPL","comparisonPrice":14.61,"comparisonUnit":"KGM","consumerPackageSize":null,"consumerPackageUnit":null,"priceUnit":"KPL","quantityMultiplier":1,"brandName":"St. Dalfour","slug":"st-dalfour-viikunahillo-284g","isAgeLimitedByAlcohol":false,"frozen":false,"packagingLabels":[],"packagingLabelCodes":[],"hierarchyPath":[{"id":"Herkku_00000354","name":"Hillot","slug":"kuivatuotteet-ja-leivonta-1/hillot-ja-marmeladit/hillot","__typename":"HierarchyPathItem"},{"id":"Herkku_00000064","name":"Hillot ja marmeladit","slug":"kuivatuotteet-ja-leivonta-1/hillot-ja-marmeladit","__typename":"HierarchyPathItem"},{"id":"Herkku_00000007","name":"Kuivatuotteet ja leivonta","slug":"kuivatuotteet-ja-leivonta-1","__typename":"HierarchyPathItem"}],"isGlobalFallback":null,"countryName":{"fi":"Ranska","__typename":"CountryName"}},{"id":"5019503006377","ean":"5019503006377","name":"Quorn Kuutiot 300g, pakaste","price":4.75,"storeId":725782447,"__typename":"Product","approxPrice":false,"basicQuantityUnit":"KPL","comparisonPrice":15.83,"comparisonUnit":"KGM","consumerPackageSize":null,"consumerPackageUnit":null,"priceUnit":"KPL","quantityMultiplier":1,"brandName":"Quorn","slug":"quorn-kuutiot-300g-pakaste","isAgeLimitedByAlcohol":false,"frozen":true,"packagingLabels":["Sydänmerkki"],"packagingLabelCodes":["FINNISH_HEART_SYMBOL"],"hierarchyPath":[{"id":"1591691225905845","name":"Valmiit pakasteateriat","slug":"pakasteet-1/pakasteateriat/valmiit-pakasteateriat","__typename":"HierarchyPathItem"},{"id":"Herkku_00000129","name":"Pakasteateriat","slug":"pakasteet-1/pakasteateriat","__typename":"HierarchyPathItem"},{"id":"Herkku_00000013","name":"Pakasteet","slug":"pakasteet-1","__typename":"HierarchyPathItem"}],"isGlobalFallback":null,"countryName":{"fi":"Iso-Britannia","__typename":"CountryName"}},{"id":"5020411111732","ean":"5020411111732","name":"Kinder Pingui kylmävälipala suklaapäällysteellä 30g","price":0.54,"storeId":725782447,"__typename":"Product","approxPrice":false,"basicQuantityUnit":"KPL","comparisonPrice":18,"comparisonUnit":"KGM","consumerPackageSize":null,"consumerPackageUnit":null,"priceUnit":"KPL","quantityMultiplier":1,"brandName":"Kinder","slug":"kinder-pingui-kylmavalipala-suklaapaallysteella-30g","isAgeLimitedByAlcohol":false,"frozen":false,"packagingLabels":[],"packagingLabelCodes":[],"hierarchyPath":[{"id":"1591691235703027","name":"Maustetut rahkat","slug":"maito-munat-ja-rasvat-0/rahkat-vanukkaat-ja-jalkiruoka/maustetut-rahkat","__typename":"HierarchyPathItem"},{"id":"Herkku_00000115","name":"Rahkat, vanukkaat ja jälkiruoka","slug":"maito-munat-ja-rasvat-0/rahkat-vanukkaat-ja-jalkiruoka","__typename":"HierarchyPathItem"},{"id":"Herkku_00000006","name":"Maito, munat ja rasvat","slug":"maito-munat-ja-rasvat-0","__typename":"HierarchyPathItem"}],"isGlobalFallback":null,"countryName":{"fi":"Saksa","__typename":"CountryName"}},{"id":"5021991245497","ean":"5021991245497","name":"Clipper Reilun kaupan luomu pikakahvi, keskipaahto 100 g","price":6.49,"storeId":725782447,"__typename":"Product","approxPrice":false,"basicQuantityUnit":"KPL","comparisonPrice":64.9,"comparisonUnit":"KGM","consumerPackageSize":null,"consumerPackageUnit":null,"priceUnit":"KPL","quantityMultiplier":1,"brandName":"Clipper","slug":"clipper-reilun-kaupan-luomu-pikakahvi-keskipaahto-100-g","isAgeLimitedByAlcohol":false,"frozen":false,"packagingLabels":["EU:n luomutunnus (lehti)"," Reilu Kauppa"," Soil Association -merkki"],"packagingLabelCodes":["EU_ORGANIC_FARMING"," FAIR_TRADE_MARK"," SOIL_ASSOCIATION_ORGANIC_SYMBOL"],"hierarchyPath":[{"id":"1591691250893282","name":"Pikakahvit","slug":"juomat-1/kahvit-ja-suodatinpaperit/pikakahvit","__typename":"HierarchyPathItem"},{"id":"Herkku_00000089","name":"Kahvit ja suodatinpaperit","slug":"juomat-1/kahvit-ja-suodatinpaperit","__typename":"HierarchyPathItem"},{"id":"Herkku_00000005","name":"Juomat","slug":"juomat-1","__typename":"HierarchyPathItem"}],"isGlobalFallback":null,"countryName":{"fi":"Iso-Britannia","__typename":"CountryName"}},{"id":"5021991941719","ean":"5021991941719","name":"Clipper Sitruunan- ja inkiväärin makuinen luomu hauduke 50g / 20 pussia","price":3.69,"storeId":725782447,"__typename":"Product","approxPrice":false,"basicQuantityUnit":"KPL","comparisonPrice":73.8,"comparisonUnit":"KGM","consumerPackageSize":null,"consumerPackageUnit":null,"priceUnit":"KPL","quantityMultiplier":1,"brandName":"Clipper","slug":"clipper-sitruunan-ja-inkivaarin-makuinen-luomu-hauduke-50g-20-pussia","isAgeLimitedByAlcohol":false,"frozen":false,"packagingLabels":["EU:n luomutunnus (lehti)"],"packagingLabelCodes":["EU_ORGANIC_FARMING"],"hierarchyPath":[{"id":"Herkku_00000514","name":"Pussitee","slug":"juomat-1/teet/pussitee","__typename":"HierarchyPathItem"},{"id":"Herkku_00000091","name":"Teet","slug":"juomat-1/teet","__typename":"HierarchyPathItem"},{"id":"Herkku_00000005","name":"Juomat","slug":"juomat-1","__typename":"HierarchyPathItem"}],"isGlobalFallback":null,"countryName":{"fi":"Iso-Britannia","__typename":"CountryName"}},{"id":"5021991941733","ean":"5021991941733","name":"Clipper Nighty Night. Appelsiininmakuinen luomu yrttihauduke, sisältää kamomillaa ja sitruunamelissaa 40g / 20 pussia.","price":3.69,"storeId":725782447,"__typename":"Product","approxPrice":false,"basicQuantityUnit":"KPL","comparisonPrice":92.25,"comparisonUnit":"KGM","consumerPackageSize":null,"consumerPackageUnit":null,"priceUnit":"KPL","quantityMultiplier":1,"brandName":"Clipper","slug":"clipper-nighty-night-appelsiininmakuinen-luomu-yrttihauduke-sisaltaa-kamomillaa-ja-sitruunamelissaa-40g-20-pussia","isAgeLimitedByAlcohol":false,"frozen":false,"packagingLabels":["EU:n luomutunnus (lehti)"],"packagingLabelCodes":["EU_ORGANIC_FARMING"],"hierarchyPath":[{"id":"Herkku_00000514","name":"Pussitee","slug":"juomat-1/teet/pussitee","__typename":"HierarchyPathItem"},{"id":"Herkku_00000091","name":"Teet","slug":"juomat-1/teet","__typename":"HierarchyPathItem"},{"id":"Herkku_00000005","name":"Juomat","slug":"juomat-1","__typename":"HierarchyPathItem"}],"isGlobalFallback":null,"countryName":{"fi":"Iso-Britannia","__typename":"CountryName"}},{"id":"5038862836623","ean":"5038862836623","name":"Innocent Super smoothie 300 ml Antioxidant","price":2.95,"storeId":725782447,"__typename":"Product","approxPrice":false,"basicQuantityUnit":"KPL","comparisonPrice":9.5,"comparisonUnit":"LTR","consumerPackageSize":null,"consumerPackageUnit":null,"priceUnit":"KPL","quantityMultiplier":1,"brandName":"Innocent","slug":"innocent-super-smoothie-300-ml-antioxidant","isAgeLimitedByAlcohol":false,"frozen":false,"packagingLabels":["FSC mix (Forest Stewardship Council)"],"packagingLabelCodes":["FOREST_STEWARDSHIP_COUNCIL_MIX"],"hierarchyPath":[{"id":"1591691224561857","name":"Smoothiet ja mehushotit","slug":"juomat-1/mehut/smoothiet-ja-mehushotit","__typename":"HierarchyPathItem"},{"id":"Herkku_00000120","name":"Mehut","slug":"juomat-1/mehut","__typename":"HierarchyPathItem"},{"id":"Herkku_00000005","name":"Juomat","slug":"juomat-1","__typename":"HierarchyPathItem"}],"isGlobalFallback":null,"countryName":{"fi":"Alankomaat","__typename":"CountryName"}},{"id":"5053827184649","ean":"5053827184649","name":"KELLOGG'S Rice Krispies 375g","price":3.39,"storeId":725782447,"__typename":"Product","approxPrice":false,"basicQuantityUnit":"KPL","comparisonPrice":9.04,"comparisonUnit":"KGM","consumerPackageSize":null,"consumerPackageUnit":null,"priceUnit":"KPL","quantityMultiplier":1,"brandName":"Kellogg's","slug":"kelloggs-rice-krispies-375g","isAgeLimitedByAlcohol":false,"frozen":false,"packagingLabels":[],"packagingLabelCodes":[],"hierarchyPath":[{"id":"Herkku_00000316","name":"Murot","slug":"kuivatuotteet-ja-leivonta-1/hiutaleet-murot-ja-myslit/murot","__typename":"HierarchyPathItem"},{"id":"Herkku_00000053","name":"Hiutaleet, murot ja myslit","slug":"kuivatuotteet-ja-leivonta-1/hiutaleet-murot-ja-myslit","__typename":"HierarchyPathItem"},{"id":"Herkku_00000007","name":"Kuivatuotteet ja leivonta","slug":"kuivatuotteet-ja-leivonta-1","__typename":"HierarchyPathItem"}],"isGlobalFallback":null,"countryName":{"fi":"Iso-Britannia","__typename":"CountryName"}},{"id":"5053827199667","ean":"5053827199667","name":"KELLOGG'S Tresor Milk Choco 410g","price":4.15,"storeId":725782447,"__typename":"Product","approxPrice":false,"basicQuantityUnit":"KPL","comparisonPrice":10.12,"comparisonUnit":"KGM","consumerPackageSize":null,"consumerPackageUnit":null,"priceUnit":"KPL","quantityMultiplier":1,"brandName":"Kellogg's","slug":"kelloggs-tresor-milk-choco-410g","isAgeLimitedByAlcohol":false,"frozen":false,"packagingLabels":[],"packagingLabelCodes":[],"hierarchyPath":[{"id":"Herkku_00000316","name":"Murot","slug":"kuivatuotteet-ja-leivonta-1/hiutaleet-murot-ja-myslit/murot","__typename":"HierarchyPathItem"},{"id":"Herkku_00000053","name":"Hiutaleet, murot ja myslit","slug":"kuivatuotteet-ja-leivonta-1/hiutaleet-murot-ja-myslit","__typename":"HierarchyPathItem"},{"id":"Herkku_00000007","name":"Kuivatuotteet ja leivonta","slug":"kuivatuotteet-ja-leivonta-1","__typename":"HierarchyPathItem"}],"isGlobalFallback":null,"countryName":{"fi":"Espanja","__typename":"CountryName"}},{"id":"5053990138722","ean":"5053990138722","name":"PRINGLES Original 200g","price":2.79,"storeId":725782447,"__typename":"Product","approxPrice":false,"basicQuantityUnit":"KPL","comparisonPrice":13.95,"comparisonUnit":"KGM","consumerPackageSize":null,"consumerPackageUnit":null,"priceUnit":"KPL","quantityMultiplier":1,"brandName":"Pringles","slug":"pringles-original-200g","isAgeLimitedByAlcohol":false,"frozen":false,"packagingLabels":[],"packagingLabelCodes":[],"hierarchyPath":[{"id":"Herkku_00000347","name":"Perunalastut","slug":"makeiset-ja-naposteltavat-1/sipsit-ja-muut-naposteltavat/perunalastut","__typename":"HierarchyPathItem"},{"id":"Herkku_00000062","name":"Sipsit ja muut naposteltavat","slug":"makeiset-ja-naposteltavat-1/sipsit-ja-muut-naposteltavat","__typename":"HierarchyPathItem"},{"id":"Herkku_00000009","name":"Makeiset ja naposteltavat","slug":"makeiset-ja-naposteltavat-1","__typename":"HierarchyPathItem"}],"isGlobalFallback":null,"countryName":{"fi":"Puola","__typename":"CountryName"}},{"id":"5053990138753","ean":"5053990138753","name":"PRINGLES Sourcream&Onion 200g","price":2.79,"storeId":725782447,"__typename":"Product","approxPrice":false,"basicQuantityUnit":"KPL","comparisonPrice":13.95,"comparisonUnit":"KGM","consumerPackageSize":null,"consumerPackageUnit":null,"priceUnit":"KPL","quantityMultiplier":1,"brandName":"Pringles","slug":"pringles-sourcreamandonion-200g","isAgeLimitedByAlcohol":false,"frozen":false,"packagingLabels":[],"packagingLabelCodes":[],"hierarchyPath":[{"id":"Herkku_00000347","name":"Perunalastut","slug":"makeiset-ja-naposteltavat-1/sipsit-ja-muut-naposteltavat/perunalastut","__typename":"HierarchyPathItem"},{"id":"Herkku_00000062","name":"Sipsit ja muut naposteltavat","slug":"makeiset-ja-naposteltavat-1/sipsit-ja-muut-naposteltavat","__typename":"HierarchyPathItem"},{"id":"Herkku_00000009","name":"Makeiset ja naposteltavat","slug":"makeiset-ja-naposteltavat-1","__typename":"HierarchyPathItem"}],"isGlobalFallback":null,"countryName":{"fi":"Puola","__typename":"CountryName"}},{"id":"5053990162093","ean":"5053990162093","name":"PRINGLES Paprika 200g","price":2.79,"storeId":725782447,"__typename":"Product","approxPrice":false,"basicQuantityUnit":"KPL","comparisonPrice":13.95,"comparisonUnit":"PCE","consumerPackageSize":null,"consumerPackageUnit":null,"priceUnit":"KPL","quantityMultiplier":1,"brandName":"Pringles","slug":"pringles-paprika-200g","isAgeLimitedByAlcohol":false,"frozen":false,"packagingLabels":[],"packagingLabelCodes":[],"hierarchyPath":[{"id":"Herkku_00000347","name":"Perunalastut","slug":"makeiset-ja-naposteltavat-1/sipsit-ja-muut-naposteltavat/perunalastut","__typename":"HierarchyPathItem"},{"id":"Herkku_00000062","name":"Sipsit ja muut naposteltavat","slug":"makeiset-ja-naposteltavat-1/sipsit-ja-muut-naposteltavat","__typename":"HierarchyPathItem"},{"id":"Herkku_00000009","name":"Makeiset ja naposteltavat","slug":"makeiset-ja-naposteltavat-1","__typename":"HierarchyPathItem"}],"isGlobalFallback":null,"countryName":{"fi":"Puola","__typename":"CountryName"}},{"id":"5054563020338","ean":"5054563020338","name":"Sensodyne Original -hammastahna päivittäiseen käyttöön lievittämään vihlontaa kahdesti päivässä käytettynä, 75 ml","price":3.6,"storeId":725782447,"__typename":"Product","approxPrice":false,"basicQuantityUnit":"KPL","comparisonPrice":48,"comparisonUnit":"LTR","consumerPackageSize":null,"consumerPackageUnit":null,"priceUnit":"KPL","quantityMultiplier":1,"brandName":"Sensodyne","slug":"sensodyne-original-hammastahna-paivittaiseen-kayttoon-lievittamaan-vihlontaa-kahdesti-paivassa-kaytettyna-75-ml","isAgeLimitedByAlcohol":false,"frozen":false,"packagingLabels":[],"packagingLabelCodes":[],"hierarchyPath":[{"id":"1591691233571227","name":"Hammastahnat","slug":"kosmetiikka-ja-hygienia/suunhoito/hammastahnat","__typename":"HierarchyPathItem"},{"id":"1591691233571225","name":"Suunhoito","slug":"kosmetiikka-ja-hygienia/suunhoito","__typename":"HierarchyPathItem"},{"id":"1591691233334707","name":"Kosmetiikka ja hygienia","slug":"kosmetiikka-ja-hygienia","__typename":"HierarchyPathItem"}],"isGlobalFallback":null,"countryName":{"fi":"Iso-Britannia","__typename":"CountryName"}},{"id":"5054563039835","ean":"5054563039835","name":"Sensodyne Gentle Whitening -hammastahna päivittäiseen käyttöön, 75 ml","price":3.6,"storeId":725782447,"__typename":"Product","approxPrice":false,"basicQuantityUnit":"KPL","comparisonPrice":48,"comparisonUnit":"LTR","consumerPackageSize":null,"consumerPackageUnit":null,"priceUnit":"KPL","quantityMultiplier":1,"brandName":"Sensodyne","slug":"sensodyne-gentle-whitening-hammastahna-paivittaiseen-kayttoon-75-ml","isAgeLimitedByAlcohol":false,"frozen":false,"packagingLabels":[],"packagingLabelCodes":[],"hierarchyPath":[{"id":"1591691233571227","name":"Hammastahnat","slug":"kosmetiikka-ja-hygienia/suunhoito/hammastahnat","__typename":"HierarchyPathItem"},{"id":"1591691233571225","name":"Suunhoito","slug":"kosmetiikka-ja-hygienia/suunhoito","__typename":"HierarchyPathItem"},{"id":"1591691233334707","name":"Kosmetiikka ja hygienia","slug":"kosmetiikka-ja-hygienia","__typename":"HierarchyPathItem"}],"isGlobalFallback":null,"countryName":{"fi":"Iso-Britannia","__typename":"CountryName"}},{"id":"5054563097545","ean":"5054563097545","name":"Sensodyne Repair & Protect Whitening -hammastahna päivittäiseen käyttöön, 75 ml","price":5.2,"storeId":725782447,"__typename":"Product","approxPrice":false,"basicQuantityUnit":"KPL","comparisonPrice":69.33,"comparisonUnit":"LTR","consumerPackageSize":null,"consumerPackageUnit":null,"priceUnit":"KPL","quantityMultiplier":1,"brandName":"Sensodyne","slug":"sensodyne-repair-and-protect-whitening-hammastahna-paivittaiseen-kayttoon-75-ml","isAgeLimitedByAlcohol":false,"frozen":false,"packagingLabels":[],"packagingLabelCodes":[],"hierarchyPath":[{"id":"1591691233571227","name":"Hammastahnat","slug":"kosmetiikka-ja-hygienia/suunhoito/hammastahnat","__typename":"HierarchyPathItem"},{"id":"1591691233571225","name":"Suunhoito","slug":"kosmetiikka-ja-hygienia/suunhoito","__typename":"HierarchyPathItem"},{"id":"1591691233334707","name":"Kosmetiikka ja hygienia","slug":"kosmetiikka-ja-hygienia","__typename":"HierarchyPathItem"}],"isGlobalFallback":null,"countryName":{"fi":"Slovakia","__typename":"CountryName"}},{"id":"5054563098696","ean":"5054563098696","name":"parodontax Complete Protection Extra Fresh ienterveyttä parantava ja hampaita vahvistava hammastahna 75 ml","price":6.1,"storeId":725782447,"__typename":"Product","approxPrice":false,"basicQuantityUnit":"KPL","comparisonPrice":81.33,"comparisonUnit":"LTR","consumerPackageSize":null,"consumerPackageUnit":null,"priceUnit":"KPL","quantityMultiplier":1,"brandName":"Parodontax","slug":"parodontax-complete-protection-extra-fresh-ienterveytta-parantava-ja-hampaita-vahvistava-hammastahna-75-ml","isAgeLimitedByAlcohol":false,"frozen":false,"packagingLabels":[],"packagingLabelCodes":[],"hierarchyPath":[{"id":"1591691233571227","name":"Hammastahnat","slug":"kosmetiikka-ja-hygienia/suunhoito/hammastahnat","__typename":"HierarchyPathItem"},{"id":"1591691233571225","name":"Suunhoito","slug":"kosmetiikka-ja-hygienia/suunhoito","__typename":"HierarchyPathItem"},{"id":"1591691233334707","name":"Kosmetiikka ja hygienia","slug":"kosmetiikka-ja-hygienia","__typename":"HierarchyPathItem"}],"isGlobalFallback":null,"countryName":{"fi":"Slovakia","__typename":"CountryName"}},{"id":"5054563099617","ean":"5054563099617","name":"parodontax Ultra Clean päivittäin käytettävä hammastahna vuotaville ikenille 75 ml","price":5.9,"storeId":725782447,"__typename":"Product","approxPrice":false,"basicQuantityUnit":"KPL","comparisonPrice":78.67,"comparisonUnit":"LTR","consumerPackageSize":null,"consumerPackageUnit":null,"priceUnit":"KPL","quantityMultiplier":1,"brandName":"Parodontax","slug":"parodontax-ultra-clean-paivittain-kaytettava-hammastahna-vuotaville-ikenille-75-ml","isAgeLimitedByAlcohol":false,"frozen":false,"packagingLabels":[],"packagingLabelCodes":[],"hierarchyPath":[{"id":"1591691233571227","name":"Hammastahnat","slug":"kosmetiikka-ja-hygienia/suunhoito/hammastahnat","__typename":"HierarchyPathItem"},{"id":"1591691233571225","name":"Suunhoito","slug":"kosmetiikka-ja-hygienia/suunhoito","__typename":"HierarchyPathItem"},{"id":"1591691233334707","name":"Kosmetiikka ja hygienia","slug":"kosmetiikka-ja-hygienia","__typename":"HierarchyPathItem"}],"isGlobalFallback":null,"countryName":{"fi":"Slovakia","__typename":"CountryName"}},{"id":"5060088500996","ean":"5060088500996","name":"Mad-Croc vihreä omena energiamehujuoma 500ml","price":2.15,"storeId":725782447,"__typename":"Product","approxPrice":false,"basicQuantityUnit":"KPL","comparisonPrice":4,"comparisonUnit":"LTR","consumerPackageSize":null,"consumerPackageUnit":null,"priceUnit":"KPL","quantityMultiplier":1,"brandName":"Mad Croc","slug":"mad-croc-vihrea-omena-energiamehujuoma-500ml","isAgeLimitedByAlcohol":false,"frozen":false,"packagingLabels":[],"packagingLabelCodes":[],"hierarchyPath":[{"id":"1591691224561835","name":"Energiajuomat","slug":"juomat-1/energiajuomat-ja-urheilujuomat/energiajuomat","__typename":"HierarchyPathItem"},{"id":"1591691224561833","name":"Energiajuomat ja urheilujuomat","slug":"juomat-1/energiajuomat-ja-urheilujuomat","__typename":"HierarchyPathItem"},{"id":"Herkku_00000005","name":"Juomat","slug":"juomat-1","__typename":"HierarchyPathItem"}],"isGlobalFallback":null,"countryName":{"fi":"Alankomaat","__typename":"CountryName"}},{"id":"5060088705940","ean":"5060088705940","name":"Nākd. Blueberry Muffin Raakapatukka  35 g","price":1.49,"storeId":725782447,"__typename":"Product","approxPrice":false,"basicQuantityUnit":"KPL","comparisonPrice":42.57,"comparisonUnit":"KGM","consumerPackageSize":null,"consumerPackageUnit":null,"priceUnit":"KPL","quantityMultiplier":1,"brandName":"Nakd","slug":"nakd-blueberry-muffin-raakapatukka-35-g","isAgeLimitedByAlcohol":false,"frozen":false,"packagingLabels":[],"packagingLabelCodes":[],"hierarchyPath":[{"id":"Herkku_00000306","name":"Kuivatut hedelmät ja marjat","slug":"kuivatuotteet-ja-leivonta-1/siemenet-pahkinat-ja-kuivatut-hedelmat/kuivatut-hedelmat-ja-marjat","__typename":"HierarchyPathItem"},{"id":"Herkku_00000050","name":"Siemenet, pähkinät ja kuivatut hedelmät","slug":"kuivatuotteet-ja-leivonta-1/siemenet-pahkinat-ja-kuivatut-hedelmat","__typename":"HierarchyPathItem"},{"id":"Herkku_00000007","name":"Kuivatuotteet ja leivonta","slug":"kuivatuotteet-ja-leivonta-1","__typename":"HierarchyPathItem"}],"isGlobalFallback":null,"countryName":{"fi":"Iso-Britannia","__typename":"CountryName"}},{"id":"5060108450003","ean":"5060108450003","name":"Fever-Tree Premium Indian Tonic Water 200ml","price":2.19,"storeId":725782447,"__typename":"Product","approxPrice":false,"basicQuantityUnit":"KPL","comparisonPrice":10.45,"comparisonUnit":"LTR","consumerPackageSize":null,"consumerPackageUnit":null,"priceUnit":"KPL","quantityMultiplier":1,"brandName":"Fever Tree","slug":"fever-tree-premium-indian-tonic-water-200ml","isAgeLimitedByAlcohol":false,"frozen":false,"packagingLabels":[],"packagingLabelCodes":[],"hierarchyPath":[{"id":"Herkku_00000790","name":"Juomasekoitukset","slug":"juomat-1/virvoitusjuomat/juomasekoitukset","__typename":"HierarchyPathItem"},{"id":"Herkku_00000048","name":"Virvoitusjuomat","slug":"juomat-1/virvoitusjuomat","__typename":"HierarchyPathItem"},{"id":"Herkku_00000005","name":"Juomat","slug":"juomat-1","__typename":"HierarchyPathItem"}],"isGlobalFallback":null,"countryName":{"fi":"Iso-Britannia","__typename":"CountryName"}},{"id":"5060139431194","ean":"5060139431194","name":"BEAR Fruit Minis Mansikka - Omena hedelmä- ja vihannespala 20g","price":1.19,"storeId":725782447,"__typename":"Product","approxPrice":false,"basicQuantityUnit":"KPL","comparisonPrice":59.5,"comparisonUnit":"KGM","consumerPackageSize":null,"consumerPackageUnit":null,"priceUnit":"KPL","quantityMultiplier":1,"brandName":"BEAR","slug":"bear-fruit-minis-mansikka-omena-hedelma-ja-vihannespala-20g","isAgeLimitedByAlcohol":false,"frozen":false,"packagingLabels":[],"packagingLabelCodes":[],"hierarchyPath":[{"id":"Herkku_00000306","name":"Kuivatut hedelmät ja marjat","slug":"kuivatuotteet-ja-leivonta-1/siemenet-pahkinat-ja-kuivatut-hedelmat/kuivatut-hedelmat-ja-marjat","__typename":"HierarchyPathItem"},{"id":"Herkku_00000050","name":"Siemenet, pähkinät ja kuivatut hedelmät","slug":"kuivatuotteet-ja-leivonta-1/siemenet-pahkinat-ja-kuivatut-hedelmat","__typename":"HierarchyPathItem"},{"id":"Herkku_00000007","name":"Kuivatuotteet ja leivonta","slug":"kuivatuotteet-ja-leivonta-1","__typename":"HierarchyPathItem"}],"isGlobalFallback":null,"countryName":{"fi":"Iso-Britannia","__typename":"CountryName"}},{"id":"5060139433723","ean":"5060139433723","name":"BEAR Mansikka hedelmänauha 5x20g","price":4.59,"storeId":725782447,"__typename":"Product","approxPrice":false,"basicQuantityUnit":"KPL","comparisonPrice":45.9,"comparisonUnit":"KGM","consumerPackageSize":null,"consumerPackageUnit":null,"priceUnit":"KPL","quantityMultiplier":1,"brandName":"BEAR","slug":"bear-mansikka-hedelmanauha-5x20g","isAgeLimitedByAlcohol":false,"frozen":false,"packagingLabels":["FSC-sertifikaatti (Forest Stewardship Council)"],"packagingLabelCodes":["FOREST_STEWARDSHIP_COUNCIL_LABEL"],"hierarchyPath":[{"id":"Herkku_00000306","name":"Kuivatut hedelmät ja marjat","slug":"kuivatuotteet-ja-leivonta-1/siemenet-pahkinat-ja-kuivatut-hedelmat/kuivatut-hedelmat-ja-marjat","__typename":"HierarchyPathItem"},{"id":"Herkku_00000050","name":"Siemenet, pähkinät ja kuivatut hedelmät","slug":"kuivatuotteet-ja-leivonta-1/siemenet-pahkinat-ja-kuivatut-hedelmat","__typename":"HierarchyPathItem"},{"id":"Herkku_00000007","name":"Kuivatuotteet ja leivonta","slug":"kuivatuotteet-ja-leivonta-1","__typename":"HierarchyPathItem"}],"isGlobalFallback":null,"countryName":{"fi":"Iso-Britannia","__typename":"CountryName"}},{"id":"5060402906961","ean":"5060402906961","name":"Mars Protein Bar 57g","price":2.39,"storeId":725782447,"__typename":"Product","approxPrice":false,"basicQuantityUnit":"KPL","comparisonPrice":41.93,"comparisonUnit":"KGM","consumerPackageSize":null,"consumerPackageUnit":null,"priceUnit":"KPL","quantityMultiplier":1,"brandName":"Mars","slug":"mars-protein-bar-57g","isAgeLimitedByAlcohol":false,"frozen":false,"packagingLabels":[],"packagingLabelCodes":[],"hierarchyPath":[{"id":"Herkku_00000979","name":"Proteiinipatukat","slug":"luontaistuotteet-ja-lisaravinteet-1/urheiluravinnepatukat/proteiinipatukat","__typename":"HierarchyPathItem"},{"id":"Herkku_00000159","name":"Urheiluravinnepatukat","slug":"luontaistuotteet-ja-lisaravinteet-1/urheiluravinnepatukat","__typename":"HierarchyPathItem"},{"id":"Herkku_00000016","name":"Luontaistuotteet ja lisäravinteet","slug":"luontaistuotteet-ja-lisaravinteet-1","__typename":"HierarchyPathItem"}],"isGlobalFallback":null,"countryName":{"fi":"Iso-Britannia","__typename":"CountryName"}},{"id":"5060402906985","ean":"5060402906985","name":"Snickers Protein Bar 51g","price":2.39,"storeId":725782447,"__typename":"Product","approxPrice":false,"basicQuantityUnit":"KPL","comparisonPrice":46.86,"comparisonUnit":"KGM","consumerPackageSize":null,"consumerPackageUnit":null,"priceUnit":"KPL","quantityMultiplier":1,"brandName":"Snickers","slug":"snickers-protein-bar-51g","isAgeLimitedByAlcohol":false,"frozen":false,"packagingLabels":[],"packagingLabelCodes":[],"hierarchyPath":[{"id":"Herkku_00000979","name":"Proteiinipatukat","slug":"luontaistuotteet-ja-lisaravinteet-1/urheiluravinnepatukat/proteiinipatukat","__typename":"HierarchyPathItem"},{"id":"Herkku_00000159","name":"Urheiluravinnepatukat","slug":"luontaistuotteet-ja-lisaravinteet-1/urheiluravinnepatukat","__typename":"HierarchyPathItem"},{"id":"Herkku_00000016","name":"Luontaistuotteet ja lisäravinteet","slug":"luontaistuotteet-ja-lisaravinteet-1","__typename":"HierarchyPathItem"}],"isGlobalFallback":null,"countryName":{"fi":"Iso-Britannia","__typename":"CountryName"}},{"id":"5201041001116","ean":"5201041001116","name":"Jannis 30g seesam hunaja levy","price":0.79,"storeId":725782447,"__typename":"Product","approxPrice":false,"basicQuantityUnit":"KPL","comparisonPrice":26.33,"comparisonUnit":"KGM","consumerPackageSize":null,"consumerPackageUnit":null,"priceUnit":"KPL","quantityMultiplier":1,"brandName":"Jannis","slug":"jannis-30g-seesam-hunaja-levy","isAgeLimitedByAlcohol":false,"frozen":false,"packagingLabels":[],"packagingLabelCodes":[],"hierarchyPath":[{"id":"1591691259548655","name":"Pähkinäpatukat ja -levyt","slug":"kuivatuotteet-ja-leivonta-1/siemenet-pahkinat-ja-kuivatut-hedelmat/pahkinapatukat-ja-levyt","__typename":"HierarchyPathItem"},{"id":"Herkku_00000050","name":"Siemenet, pähkinät ja kuivatut hedelmät","slug":"kuivatuotteet-ja-leivonta-1/siemenet-pahkinat-ja-kuivatut-hedelmat","__typename":"HierarchyPathItem"},{"id":"Herkku_00000007","name":"Kuivatuotteet ja leivonta","slug":"kuivatuotteet-ja-leivonta-1","__typename":"HierarchyPathItem"}],"isGlobalFallback":null,"countryName":{"fi":"Kreikka","__typename":"CountryName"}},{"id":"5201194000028","ean":"5201194000028","name":"Royal 325/180g vihreä mieto pepperoni","price":2.2,"storeId":725782447,"__typename":"Product","approxPrice":false,"basicQuantityUnit":"KPL","comparisonPrice":12.22,"comparisonUnit":"KGM","consumerPackageSize":null,"consumerPackageUnit":null,"priceUnit":"KPL","quantityMultiplier":1,"brandName":"Royal","slug":"royal-325180g-vihrea-mieto-pepperoni","isAgeLimitedByAlcohol":false,"frozen":false,"packagingLabels":[],"packagingLabelCodes":[],"hierarchyPath":[{"id":"Herkku_00000357","name":"Kasvissäilykkeet","slug":"kuivatuotteet-ja-leivonta-1/sailykkeet/kasvissailykkeet","__typename":"HierarchyPathItem"},{"id":"Herkku_00000063","name":"Säilykkeet","slug":"kuivatuotteet-ja-leivonta-1/sailykkeet","__typename":"HierarchyPathItem"},{"id":"Herkku_00000007","name":"Kuivatuotteet ja leivonta","slug":"kuivatuotteet-ja-leivonta-1","__typename":"HierarchyPathItem"}],"isGlobalFallback":null,"countryName":{"fi":"Kreikka","__typename":"CountryName"}},{"id":"5201194001506","ean":"5201194001506","name":"Royal 360/175g viipaloitu vihreä jalapeno","price":1.95,"storeId":725782447,"__typename":"Product","approxPrice":false,"basicQuantityUnit":"KPL","comparisonPrice":11.14,"comparisonUnit":"KGM","consumerPackageSize":null,"consumerPackageUnit":null,"priceUnit":"KPL","quantityMultiplier":1,"brandName":"Royal","slug":"royal-360175g-viipaloitu-vihrea-jalapeno","isAgeLimitedByAlcohol":false,"frozen":false,"packagingLabels":[],"packagingLabelCodes":[],"hierarchyPath":[{"id":"Herkku_00000357","name":"Kasvissäilykkeet","slug":"kuivatuotteet-ja-leivonta-1/sailykkeet/kasvissailykkeet","__typename":"HierarchyPathItem"},{"id":"Herkku_00000063","name":"Säilykkeet","slug":"kuivatuotteet-ja-leivonta-1/sailykkeet","__typename":"HierarchyPathItem"},{"id":"Herkku_00000007","name":"Kuivatuotteet ja leivonta","slug":"kuivatuotteet-ja-leivonta-1","__typename":"HierarchyPathItem"}],"isGlobalFallback":null,"countryName":{"fi":"Kreikka","__typename":"CountryName"}},{"id":"5201306821213","ean":"5201306821213","name":"Delphi Kreikkalainen Kalamataoliivi Kivetön 350/185g","price":2.79,"storeId":725782447,"__typename":"Product","approxPrice":false,"basicQuantityUnit":"KPL","comparisonPrice":13.95,"comparisonUnit":"KGM","consumerPackageSize":null,"consumerPackageUnit":null,"priceUnit":"KPL","quantityMultiplier":1,"brandName":"Delphi","slug":"delphi-kreikkalainen-kalamataoliivi-kiveton-350185g","isAgeLimitedByAlcohol":false,"frozen":false,"packagingLabels":[],"packagingLabelCodes":[],"hierarchyPath":[{"id":"Herkku_00000353","name":"Hedelmäsäilykkeet","slug":"kuivatuotteet-ja-leivonta-1/sailykkeet/hedelmasailykkeet","__typename":"HierarchyPathItem"},{"id":"Herkku_00000063","name":"Säilykkeet","slug":"kuivatuotteet-ja-leivonta-1/sailykkeet","__typename":"HierarchyPathItem"},{"id":"Herkku_00000007","name":"Kuivatuotteet ja leivonta","slug":"kuivatuotteet-ja-leivonta-1","__typename":"HierarchyPathItem"}],"isGlobalFallback":null,"countryName":{"fi":"Kreikka","__typename":"CountryName"}},{"id":"5201306821220","ean":"5201306821220","name":"Delphi 360/185g vihreä oliivi kivetön","price":2.05,"storeId":725782447,"__typename":"Product","approxPrice":false,"basicQuantityUnit":"KPL","comparisonPrice":11.08,"comparisonUnit":"KGM","consumerPackageSize":null,"consumerPackageUnit":null,"priceUnit":"KPL","quantityMultiplier":1,"brandName":"Delphi","slug":"delphi-360185g-vihrea-oliivi-kiveton","isAgeLimitedByAlcohol":false,"frozen":false,"packagingLabels":[],"packagingLabelCodes":[],"hierarchyPath":[{"id":"Herkku_00000353","name":"Hedelmäsäilykkeet","slug":"kuivatuotteet-ja-leivonta-1/sailykkeet/hedelmasailykkeet","__typename":"HierarchyPathItem"},{"id":"Herkku_00000063","name":"Säilykkeet","slug":"kuivatuotteet-ja-leivonta-1/sailykkeet","__typename":"HierarchyPathItem"},{"id":"Herkku_00000007","name":"Kuivatuotteet ja leivonta","slug":"kuivatuotteet-ja-leivonta-1","__typename":"HierarchyPathItem"}],"isGlobalFallback":null,"countryName":{"fi":"Kreikka","__typename":"CountryName"}},{"id":"5202390015410","ean":"5202390015410","name":"Violife 100% Vegan Original Block For Pizza 200g","price":2.55,"storeId":725782447,"__typename":"Product","approxPrice":false,"basicQuantityUnit":"KPL","comparisonPrice":12.75,"comparisonUnit":"KGM","consumerPackageSize":null,"consumerPackageUnit":null,"priceUnit":"KPL","quantityMultiplier":1,"brandName":"Violife","slug":"violife-100-vegan-original-block-for-pizza-200g","isAgeLimitedByAlcohol":false,"frozen":false,"packagingLabels":["Green Dot"," VEGAN_SOCIETY_VEGAN_LOGO"],"packagingLabelCodes":["GREEN_DOT"," VEGAN_SOCIETY_VEGAN_LOGO"],"hierarchyPath":[{"id":"1591691244827939","name":"Kasvipohjaiset juustopalat","slug":"juustot-0/kasvipohjaiset-juustot/kasvipohjaiset-juustopalat","__typename":"HierarchyPathItem"},{"id":"1591691244827917","name":"Kasvipohjaiset juustot","slug":"juustot-0/kasvipohjaiset-juustot","__typename":"HierarchyPathItem"},{"id":"Herkku_00000003","name":"Juustot","slug":"juustot-0","__typename":"HierarchyPathItem"}],"isGlobalFallback":null,"countryName":{"fi":"Kreikka","__typename":"CountryName"}},{"id":"5410041001204","ean":"5410041001204","name":"TUC Original suolakeksit 100g","price":1.65,"storeId":725782447,"__typename":"Product","approxPrice":false,"basicQuantityUnit":"KPL","comparisonPrice":16.5,"comparisonUnit":"KGM","consumerPackageSize":null,"consumerPackageUnit":null,"priceUnit":"KPL","quantityMultiplier":1,"brandName":"LU","slug":"tuc-original-suolakeksit-100g","isAgeLimitedByAlcohol":false,"frozen":false,"packagingLabels":[],"packagingLabelCodes":[],"hierarchyPath":[{"id":"Herkku_00000360","name":"Suolakeksit","slug":"leivat-keksit-ja-leivonnaiset-1/keksit/suolakeksit","__typename":"HierarchyPathItem"},{"id":"Herkku_00000065","name":"Keksit","slug":"leivat-keksit-ja-leivonnaiset-1/keksit","__typename":"HierarchyPathItem"},{"id":"Herkku_00000008","name":"Leivät, keksit ja leivonnaiset","slug":"leivat-keksit-ja-leivonnaiset-1","__typename":"HierarchyPathItem"}],"isGlobalFallback":null,"countryName":{"fi":"Belgia","__typename":"CountryName"}},{"id":"5410041030006","ean":"5410041030006","name":"TUC Original suolakeksi 300g","price":3.85,"storeId":725782447,"__typename":"Product","approxPrice":false,"basicQuantityUnit":"KPL","comparisonPrice":12.83,"comparisonUnit":"KGM","consumerPackageSize":null,"consumerPackageUnit":null,"priceUnit":"KPL","quantityMultiplier":1,"brandName":"LU","slug":"tuc-original-suolakeksi-300g","isAgeLimitedByAlcohol":false,"frozen":false,"packagingLabels":[],"packagingLabelCodes":[],"hierarchyPath":[{"id":"Herkku_00000360","name":"Suolakeksit","slug":"leivat-keksit-ja-leivonnaiset-1/keksit/suolakeksit","__typename":"HierarchyPathItem"},{"id":"Herkku_00000065","name":"Keksit","slug":"leivat-keksit-ja-leivonnaiset-1/keksit","__typename":"HierarchyPathItem"},{"id":"Herkku_00000008","name":"Leivät, keksit ja leivonnaiset","slug":"leivat-keksit-ja-leivonnaiset-1","__typename":"HierarchyPathItem"}],"isGlobalFallback":null,"countryName":{"fi":"Belgia","__typename":"CountryName"}},{"id":"5410041059908","ean":"5410041059908","name":"Cafe au Lu Bastogne keksi 260g","price":2.75,"storeId":725782447,"__typename":"Product","approxPrice":false,"basicQuantityUnit":"KPL","comparisonPrice":10.58,"comparisonUnit":"KGM","consumerPackageSize":null,"consumerPackageUnit":null,"priceUnit":"KPL","quantityMultiplier":1,"brandName":"LU","slug":"cafe-au-lu-bastogne-keksi-260g","isAgeLimitedByAlcohol":false,"frozen":false,"packagingLabels":[],"packagingLabelCodes":[],"hierarchyPath":[{"id":"Herkku_00000369","name":"Muut keksit ja kahvikeksit","slug":"leivat-keksit-ja-leivonnaiset-1/keksit/muut-keksit-ja-kahvikeksit","__typename":"HierarchyPathItem"},{"id":"Herkku_00000065","name":"Keksit","slug":"leivat-keksit-ja-leivonnaiset-1/keksit","__typename":"HierarchyPathItem"},{"id":"Herkku_00000008","name":"Leivät, keksit ja leivonnaiset","slug":"leivat-keksit-ja-leivonnaiset-1","__typename":"HierarchyPathItem"}],"isGlobalFallback":null,"countryName":{"fi":"Belgia","__typename":"CountryName"}},{"id":"5410041066005","ean":"5410041066005","name":"TUC Paprika salted biscuits 100g","price":1.65,"storeId":725782447,"__typename":"Product","approxPrice":false,"basicQuantityUnit":"KPL","comparisonPrice":16.5,"comparisonUnit":"KGM","consumerPackageSize":null,"consumerPackageUnit":null,"priceUnit":"KPL","quantityMultiplier":1,"brandName":"LU","slug":"tuc-paprika-salted-biscuits-100g","isAgeLimitedByAlcohol":false,"frozen":false,"packagingLabels":[],"packagingLabelCodes":[],"hierarchyPath":[{"id":"Herkku_00000360","name":"Suolakeksit","slug":"leivat-keksit-ja-leivonnaiset-1/keksit/suolakeksit","__typename":"HierarchyPathItem"},{"id":"Herkku_00000065","name":"Keksit","slug":"leivat-keksit-ja-leivonnaiset-1/keksit","__typename":"HierarchyPathItem"},{"id":"Herkku_00000008","name":"Leivät, keksit ja leivonnaiset","slug":"leivat-keksit-ja-leivonnaiset-1","__typename":"HierarchyPathItem"}],"isGlobalFallback":null,"countryName":{"fi":"Belgia","__typename":"CountryName"}},{"id":"5410041472509","ean":"5410041472509","name":"TUC Sour Cream&Onion suolakeksejä 100g","price":1.65,"storeId":725782447,"__typename":"Product","approxPrice":false,"basicQuantityUnit":"KPL","comparisonPrice":16.5,"comparisonUnit":"KGM","consumerPackageSize":null,"consumerPackageUnit":null,"priceUnit":"KPL","quantityMultiplier":1,"brandName":"LU","slug":"tuc-sour-creamandonion-suolakekseja-100g","isAgeLimitedByAlcohol":false,"frozen":false,"packagingLabels":[],"packagingLabelCodes":[],"hierarchyPath":[{"id":"Herkku_00000360","name":"Suolakeksit","slug":"leivat-keksit-ja-leivonnaiset-1/keksit/suolakeksit","__typename":"HierarchyPathItem"},{"id":"Herkku_00000065","name":"Keksit","slug":"leivat-keksit-ja-leivonnaiset-1/keksit","__typename":"HierarchyPathItem"},{"id":"Herkku_00000008","name":"Leivät, keksit ja leivonnaiset","slug":"leivat-keksit-ja-leivonnaiset-1","__typename":"HierarchyPathItem"}],"isGlobalFallback":null,"countryName":{"fi":"Unkari","__typename":"CountryName"}},{"id":"5410103915654","ean":"5410103915654","name":"L'Oréal Paris Elvital Color-Vive Shampoo värjätyille ja raidoitetuille hiuksille 250ml","price":3.29,"storeId":725782447,"__typename":"Product","approxPrice":false,"basicQuantityUnit":"KPL","comparisonPrice":13.16,"comparisonUnit":"LTR","consumerPackageSize":null,"consumerPackageUnit":null,"priceUnit":"KPL","quantityMultiplier":1,"brandName":"Elvital","slug":"loreal-paris-elvital-color-vive-shampoo-varjatyille-ja-raidoitetuille-hiuksille-250ml","isAgeLimitedByAlcohol":false,"frozen":false,"packagingLabels":[],"packagingLabelCodes":[],"hierarchyPath":[{"id":"1591691233415301","name":"Shampoot","slug":"kosmetiikka-ja-hygienia/hiukset-ja-hiustenhoito/shampoot","__typename":"HierarchyPathItem"},{"id":"1591691233415300","name":"Hiukset ja hiustenhoito","slug":"kosmetiikka-ja-hygienia/hiukset-ja-hiustenhoito","__typename":"HierarchyPathItem"},{"id":"1591691233334707","name":"Kosmetiikka ja hygienia","slug":"kosmetiikka-ja-hygienia","__typename":"HierarchyPathItem"}],"isGlobalFallback":null,"countryName":{"fi":"Ranska","__typename":"CountryName"}},{"id":"5410103915661","ean":"5410103915661","name":"L'Oréal Paris Elvital Color-Vive Hoitoaine värjätyille ja raidoitetuille hiuksille 200ml","price":3.29,"storeId":725782447,"__typename":"Product","approxPrice":false,"basicQuantityUnit":"KPL","comparisonPrice":16.45,"comparisonUnit":"LTR","consumerPackageSize":null,"consumerPackageUnit":null,"priceUnit":"KPL","quantityMultiplier":1,"brandName":"Elvital","slug":"loreal-paris-elvital-color-vive-hoitoaine-varjatyille-ja-raidoitetuille-hiuksille-200ml","isAgeLimitedByAlcohol":false,"frozen":false,"packagingLabels":[],"packagingLabelCodes":[],"hierarchyPath":[{"id":"1591691233415303","name":"Hiustenhoitoaineet","slug":"kosmetiikka-ja-hygienia/hiukset-ja-hiustenhoito/hiustenhoitoaineet","__typename":"HierarchyPathItem"},{"id":"1591691233415300","name":"Hiukset ja hiustenhoito","slug":"kosmetiikka-ja-hygienia/hiukset-ja-hiustenhoito","__typename":"HierarchyPathItem"},{"id":"1591691233334707","name":"Kosmetiikka ja hygienia","slug":"kosmetiikka-ja-hygienia","__typename":"HierarchyPathItem"}],"isGlobalFallback":null,"countryName":{"fi":"Ranska","__typename":"CountryName"}},{"id":"5410103933382","ean":"5410103933382","name":"L'Oréal Paris Elvital Multivitamin 2in1 Shampoo Ja Hoitoaine Normaaleille Hiuksille 250ml","price":3.29,"storeId":725782447,"__typename":"Product","approxPrice":false,"basicQuantityUnit":"KPL","comparisonPrice":13.16,"comparisonUnit":"LTR","consumerPackageSize":null,"consumerPackageUnit":null,"priceUnit":"KPL","quantityMultiplier":1,"brandName":"Elvital","slug":"loreal-paris-elvital-multivitamin-2in1-shampoo-ja-hoitoaine-normaaleille-hiuksille-250ml","isAgeLimitedByAlcohol":false,"frozen":false,"packagingLabels":[],"packagingLabelCodes":[],"hierarchyPath":[{"id":"1591691233415301","name":"Shampoot","slug":"kosmetiikka-ja-hygienia/hiukset-ja-hiustenhoito/shampoot","__typename":"HierarchyPathItem"},{"id":"1591691233415300","name":"Hiukset ja hiustenhoito","slug":"kosmetiikka-ja-hygienia/hiukset-ja-hiustenhoito","__typename":"HierarchyPathItem"},{"id":"1591691233334707","name":"Kosmetiikka ja hygienia","slug":"kosmetiikka-ja-hygienia","__typename":"HierarchyPathItem"}],"isGlobalFallback":null,"countryName":{"fi":"Ranska","__typename":"CountryName"}},{"id":"5410146401435","ean":"5410146401435","name":"Danerolles Croissants paistovalmis croissant-taikina 6kpl/240g","price":2.95,"storeId":725782447,"__typename":"Product","approxPrice":false,"basicQuantityUnit":"KPL","comparisonPrice":12.29,"comparisonUnit":"KGM","consumerPackageSize":null,"consumerPackageUnit":null,"priceUnit":"KPL","quantityMultiplier":1,"brandName":"Danerolles","slug":"danerolles-croissants-paistovalmis-croissant-taikina-6kpl240g","isAgeLimitedByAlcohol":false,"frozen":false,"packagingLabels":[],"packagingLabelCodes":[],"hierarchyPath":[{"id":"Herkku_00000962","name":"Muut konditoriatuotteet","slug":"leivat-keksit-ja-leivonnaiset-1/leivonnaiset/muut-konditoriatuotteet","__typename":"HierarchyPathItem"},{"id":"Herkku_00000152","name":"Leivonnaiset","slug":"leivat-keksit-ja-leivonnaiset-1/leivonnaiset","__typename":"HierarchyPathItem"},{"id":"Herkku_00000008","name":"Leivät, keksit ja leivonnaiset","slug":"leivat-keksit-ja-leivonnaiset-1","__typename":"HierarchyPathItem"}],"isGlobalFallback":null,"countryName":{"fi":"Ranska","__typename":"CountryName"}},{"id":"5410146407963","ean":"5410146407963","name":"Danone Actimel mansikka jogurttijuoma 4x100g","price":2.59,"storeId":725782447,"__typename":"Product","approxPrice":false,"basicQuantityUnit":"KPL","comparisonPrice":6.48,"comparisonUnit":"KGM","consumerPackageSize":null,"consumerPackageUnit":null,"priceUnit":"KPL","quantityMultiplier":1,"brandName":"Actimel","slug":"danone-actimel-mansikka-jogurttijuoma-4x100g","isAgeLimitedByAlcohol":false,"frozen":false,"packagingLabels":[],"packagingLabelCodes":[],"hierarchyPath":[{"id":"Herkku_00000637","name":"Juotavat jogurtit","slug":"maito-munat-ja-rasvat-0/jogurtit/juotavat-jogurtit","__typename":"HierarchyPathItem"},{"id":"Herkku_00000118","name":"Jogurtit","slug":"maito-munat-ja-rasvat-0/jogurtit","__typename":"HierarchyPathItem"},{"id":"Herkku_00000006","name":"Maito, munat ja rasvat","slug":"maito-munat-ja-rasvat-0","__typename":"HierarchyPathItem"}],"isGlobalFallback":null,"countryName":{"fi":"Belgia","__typename":"CountryName"}},{"id":"5410146410581","ean":"5410146410581","name":"Danone Actimel metsämarja jogurttijuoma 8x100g","price":4.99,"storeId":725782447,"__typename":"Product","approxPrice":false,"basicQuantityUnit":"KPL","comparisonPrice":6.24,"comparisonUnit":"KGM","consumerPackageSize":null,"consumerPackageUnit":null,"priceUnit":"KPL","quantityMultiplier":1,"brandName":"Actimel","slug":"danone-actimel-metsamarja-jogurttijuoma-8x100g","isAgeLimitedByAlcohol":false,"frozen":false,"packagingLabels":[],"packagingLabelCodes":[],"hierarchyPath":[{"id":"Herkku_00000637","name":"Juotavat jogurtit","slug":"maito-munat-ja-rasvat-0/jogurtit/juotavat-jogurtit","__typename":"HierarchyPathItem"},{"id":"Herkku_00000118","name":"Jogurtit","slug":"maito-munat-ja-rasvat-0/jogurtit","__typename":"HierarchyPathItem"},{"id":"Herkku_00000006","name":"Maito, munat ja rasvat","slug":"maito-munat-ja-rasvat-0","__typename":"HierarchyPathItem"}],"isGlobalFallback":null,"countryName":{"fi":"Belgia","__typename":"CountryName"}},{"id":"5410146413391","ean":"5410146413391","name":"Danone DanUp mansikka-metsämansikka juotava jogurtti 300g","price":1.29,"storeId":725782447,"__typename":"Product","approxPrice":false,"basicQuantityUnit":"KPL","comparisonPrice":4.3,"comparisonUnit":"KGM","consumerPackageSize":null,"consumerPackageUnit":null,"priceUnit":"KPL","quantityMultiplier":1,"brandName":"DanUp","slug":"danone-danup-mansikka-metsamansikka-juotava-jogurtti-300g","isAgeLimitedByAlcohol":false,"frozen":false,"packagingLabels":[],"packagingLabelCodes":[],"hierarchyPath":[{"id":"Herkku_00000637","name":"Juotavat jogurtit","slug":"maito-munat-ja-rasvat-0/jogurtit/juotavat-jogurtit","__typename":"HierarchyPathItem"},{"id":"Herkku_00000118","name":"Jogurtit","slug":"maito-munat-ja-rasvat-0/jogurtit","__typename":"HierarchyPathItem"},{"id":"Herkku_00000006","name":"Maito, munat ja rasvat","slug":"maito-munat-ja-rasvat-0","__typename":"HierarchyPathItem"}],"isGlobalFallback":null,"countryName":{"fi":"Puola","__typename":"CountryName"}},{"id":"5410188037401","ean":"5410188037401","name":"Tropicana pressed orange juice with pulp appelsiinitäysmehu hedelmälihalla 0,9l","price":4.2,"storeId":725782447,"__typename":"Product","approxPrice":false,"basicQuantityUnit":"KPL","comparisonPrice":4.44,"comparisonUnit":"LTR","consumerPackageSize":null,"consumerPackageUnit":null,"priceUnit":"KPL","quantityMultiplier":1,"brandName":"Tropicana","slug":"tropicana-pressed-orange-juice-with-pulp-appelsiinitaysmehu-hedelmalihalla-0-9l","isAgeLimitedByAlcohol":false,"frozen":false,"packagingLabels":[],"packagingLabelCodes":[],"hierarchyPath":[{"id":"Herkku_00000665","name":"Appelsiinimehut","slug":"juomat-1/mehut/appelsiinimehut","__typename":"HierarchyPathItem"},{"id":"Herkku_00000120","name":"Mehut","slug":"juomat-1/mehut","__typename":"HierarchyPathItem"},{"id":"Herkku_00000005","name":"Juomat","slug":"juomat-1","__typename":"HierarchyPathItem"}],"isGlobalFallback":null,"countryName":{"fi":"Belgia","__typename":"CountryName"}},{"id":"5410316983693","ean":"5410316983693","name":"Smirnoff Ice Original juomasekoitus 0,275 L","price":3.35,"storeId":725782447,"__typename":"Product","approxPrice":false,"basicQuantityUnit":"KPL","comparisonPrice":11.82,"comparisonUnit":"LTR","consumerPackageSize":null,"consumerPackageUnit":null,"priceUnit":"KPL","quantityMultiplier":1,"brandName":"Smirnoff Ice","slug":"smirnoff-ice-original-juomasekoitus-0-275-l","isAgeLimitedByAlcohol":true,"frozen":false,"packagingLabels":[],"packagingLabelCodes":[],"hierarchyPath":[{"id":"Herkku_00000827","name":"Cocktailit","slug":"juomat-1/alkoholijuomasekoitukset/cocktailit","__typename":"HierarchyPathItem"},{"id":"Herkku_00000136","name":"Alkoholijuomasekoitukset","slug":"juomat-1/alkoholijuomasekoitukset","__typename":"HierarchyPathItem"},{"id":"Herkku_00000005","name":"Juomat","slug":"juomat-1","__typename":"HierarchyPathItem"}],"isGlobalFallback":null,"countryName":{"fi":"Iso-Britannia","__typename":"CountryName"}},{"id":"5410673005847","ean":"5410673005847","name":"Ben's Original Pitkäjyväinen riisi keitinpusseissa 8x125g","price":4.25,"storeId":725782447,"__typename":"Product","approxPrice":false,"basicQuantityUnit":"KPL","comparisonPrice":4.25,"comparisonUnit":"KGM","consumerPackageSize":null,"consumerPackageUnit":null,"priceUnit":"KPL","quantityMultiplier":1,"brandName":"Ben's Original","slug":"bens-original-pitkajyvainen-riisi-keitinpusseissa-8x125g","isAgeLimitedByAlcohol":false,"frozen":false,"packagingLabels":[],"packagingLabelCodes":[],"hierarchyPath":[{"id":"Herkku_00000477","name":"Pitkäjyväiset riisit","slug":"kuivatuotteet-ja-leivonta-1/riisit-pastat-ja-nuudelit/pitkajyvaiset-riisit","__typename":"HierarchyPathItem"},{"id":"Herkku_00000088","name":"Riisit, pastat ja nuudelit","slug":"kuivatuotteet-ja-leivonta-1/riisit-pastat-ja-nuudelit","__typename":"HierarchyPathItem"},{"id":"Herkku_00000007","name":"Kuivatuotteet ja leivonta","slug":"kuivatuotteet-ja-leivonta-1","__typename":"HierarchyPathItem"}],"isGlobalFallback":null,"countryName":{"fi":"Belgia","__typename":"CountryName"}},{"id":"5410673005861","ean":"5410673005861","name":"Ben's Original Pitkäjyväinen riisi 1kg","price":3.2,"storeId":725782447,"__typename":"Product","approxPrice":false,"basicQuantityUnit":"KPL","comparisonPrice":3.2,"comparisonUnit":"KGM","consumerPackageSize":null,"consumerPackageUnit":null,"priceUnit":"KPL","quantityMultiplier":1,"brandName":"Ben's Original","slug":"bens-original-pitkajyvainen-riisi-1kg","isAgeLimitedByAlcohol":false,"frozen":false,"packagingLabels":[],"packagingLabelCodes":[],"hierarchyPath":[{"id":"Herkku_00000477","name":"Pitkäjyväiset riisit","slug":"kuivatuotteet-ja-leivonta-1/riisit-pastat-ja-nuudelit/pitkajyvaiset-riisit","__typename":"HierarchyPathItem"},{"id":"Herkku_00000088","name":"Riisit, pastat ja nuudelit","slug":"kuivatuotteet-ja-leivonta-1/riisit-pastat-ja-nuudelit","__typename":"HierarchyPathItem"},{"id":"Herkku_00000007","name":"Kuivatuotteet ja leivonta","slug":"kuivatuotteet-ja-leivonta-1","__typename":"HierarchyPathItem"}],"isGlobalFallback":null,"countryName":{"fi":"Belgia","__typename":"CountryName"}},{"id":"5410673005915","ean":"5410673005915","name":"Ben's Original Risottoriisi 500g","price":2.85,"storeId":725782447,"__typename":"Product","approxPrice":false,"basicQuantityUnit":"KPL","comparisonPrice":5.7,"comparisonUnit":"KGM","consumerPackageSize":null,"consumerPackageUnit":null,"priceUnit":"KPL","quantityMultiplier":1,"brandName":"Ben's Original","slug":"bens-original-risottoriisi-500g","isAgeLimitedByAlcohol":false,"frozen":false,"packagingLabels":[],"packagingLabelCodes":[],"hierarchyPath":[{"id":"Herkku_00000476","name":"Risotto ja sushiriisit","slug":"kuivatuotteet-ja-leivonta-1/riisit-pastat-ja-nuudelit/risotto-ja-sushiriisit","__typename":"HierarchyPathItem"},{"id":"Herkku_00000088","name":"Riisit, pastat ja nuudelit","slug":"kuivatuotteet-ja-leivonta-1/riisit-pastat-ja-nuudelit","__typename":"HierarchyPathItem"},{"id":"Herkku_00000007","name":"Kuivatuotteet ja leivonta","slug":"kuivatuotteet-ja-leivonta-1","__typename":"HierarchyPathItem"}],"isGlobalFallback":null,"countryName":{"fi":"Belgia","__typename":"CountryName"}},{"id":"5410673005939","ean":"5410673005939","name":"Ben's Original Täysjyväriisi 1kg","price":4.25,"storeId":725782447,"__typename":"Product","approxPrice":false,"basicQuantityUnit":"KPL","comparisonPrice":4.25,"comparisonUnit":"KGM","consumerPackageSize":null,"consumerPackageUnit":null,"priceUnit":"KPL","quantityMultiplier":1,"brandName":"Ben's Original","slug":"bens-original-taysjyvariisi-1kg","isAgeLimitedByAlcohol":false,"frozen":false,"packagingLabels":[],"packagingLabelCodes":[],"hierarchyPath":[{"id":"Herkku_00000481","name":"Tummat&täysjyväriisit","slug":"kuivatuotteet-ja-leivonta-1/riisit-pastat-ja-nuudelit/tummatandtaysjyvariisit","__typename":"HierarchyPathItem"},{"id":"Herkku_00000088","name":"Riisit, pastat ja nuudelit","slug":"kuivatuotteet-ja-leivonta-1/riisit-pastat-ja-nuudelit","__typename":"HierarchyPathItem"},{"id":"Herkku_00000007","name":"Kuivatuotteet ja leivonta","slug":"kuivatuotteet-ja-leivonta-1","__typename":"HierarchyPathItem"}],"isGlobalFallback":null,"countryName":{"fi":"Belgia","__typename":"CountryName"}},{"id":"5410673006004","ean":"5410673006004","name":"Ben's Original Täysjyväriisi keitinpusseissa 4x125g","price":3.05,"storeId":725782447,"__typename":"Product","approxPrice":false,"basicQuantityUnit":"KPL","comparisonPrice":6.1,"comparisonUnit":"KGM","consumerPackageSize":null,"consumerPackageUnit":null,"priceUnit":"KPL","quantityMultiplier":1,"brandName":"Ben's Original","slug":"bens-original-taysjyvariisi-keitinpusseissa-4x125g","isAgeLimitedByAlcohol":false,"frozen":false,"packagingLabels":[],"packagingLabelCodes":[],"hierarchyPath":[{"id":"Herkku_00000481","name":"Tummat&täysjyväriisit","slug":"kuivatuotteet-ja-leivonta-1/riisit-pastat-ja-nuudelit/tummatandtaysjyvariisit","__typename":"HierarchyPathItem"},{"id":"Herkku_00000088","name":"Riisit, pastat ja nuudelit","slug":"kuivatuotteet-ja-leivonta-1/riisit-pastat-ja-nuudelit","__typename":"HierarchyPathItem"},{"id":"Herkku_00000007","name":"Kuivatuotteet ja leivonta","slug":"kuivatuotteet-ja-leivonta-1","__typename":"HierarchyPathItem"}],"isGlobalFallback":null,"countryName":{"fi":"Belgia","__typename":"CountryName"}},{"id":"5410673006042","ean":"5410673006042","name":"Ben's Original Pitkäjyväinen riisi keitinpusseissa 4x125g","price":2.55,"storeId":725782447,"__typename":"Product","approxPrice":false,"basicQuantityUnit":"KPL","comparisonPrice":5.1,"comparisonUnit":"KGM","consumerPackageSize":null,"consumerPackageUnit":null,"priceUnit":"KPL","quantityMultiplier":1,"brandName":"Ben's Original","slug":"bens-original-pitkajyvainen-riisi-keitinpusseissa-4x125g","isAgeLimitedByAlcohol":false,"frozen":false,"packagingLabels":[],"packagingLabelCodes":[],"hierarchyPath":[{"id":"Herkku_00000477","name":"Pitkäjyväiset riisit","slug":"kuivatuotteet-ja-leivonta-1/riisit-pastat-ja-nuudelit/pitkajyvaiset-riisit","__typename":"HierarchyPathItem"},{"id":"Herkku_00000088","name":"Riisit, pastat ja nuudelit","slug":"kuivatuotteet-ja-leivonta-1/riisit-pastat-ja-nuudelit","__typename":"HierarchyPathItem"},{"id":"Herkku_00000007","name":"Kuivatuotteet ja leivonta","slug":"kuivatuotteet-ja-leivonta-1","__typename":"HierarchyPathItem"}],"isGlobalFallback":null,"countryName":{"fi":"Belgia","__typename":"CountryName"}},{"id":"5410673006325","ean":"5410673006325","name":"Ben's Original Basmatiriisi keitinpusseissa 4x125g","price":3.55,"storeId":725782447,"__typename":"Product","approxPrice":false,"basicQuantityUnit":"KPL","comparisonPrice":7.1,"comparisonUnit":"KGM","consumerPackageSize":null,"consumerPackageUnit":null,"priceUnit":"KPL","quantityMultiplier":1,"brandName":"Ben's Original","slug":"bens-original-basmatiriisi-keitinpusseissa-4x125g","isAgeLimitedByAlcohol":false,"frozen":false,"packagingLabels":[],"packagingLabelCodes":[],"hierarchyPath":[{"id":"Herkku_00000485","name":"Basmatiriisit","slug":"kuivatuotteet-ja-leivonta-1/riisit-pastat-ja-nuudelit/basmatiriisit","__typename":"HierarchyPathItem"},{"id":"Herkku_00000088","name":"Riisit, pastat ja nuudelit","slug":"kuivatuotteet-ja-leivonta-1/riisit-pastat-ja-nuudelit","__typename":"HierarchyPathItem"},{"id":"Herkku_00000007","name":"Kuivatuotteet ja leivonta","slug":"kuivatuotteet-ja-leivonta-1","__typename":"HierarchyPathItem"}],"isGlobalFallback":null,"countryName":{"fi":"Alankomaat","__typename":"CountryName"}},{"id":"5410673006349","ean":"5410673006349","name":"Ben's Original Basmatiriisi 1kg","price":5.35,"storeId":725782447,"__typename":"Product","approxPrice":false,"basicQuantityUnit":"KPL","comparisonPrice":5.35,"comparisonUnit":"KGM","consumerPackageSize":null,"consumerPackageUnit":null,"priceUnit":"KPL","quantityMultiplier":1,"brandName":"Ben's Original","slug":"bens-original-basmatiriisi-1kg","isAgeLimitedByAlcohol":false,"frozen":false,"packagingLabels":[],"packagingLabelCodes":[],"hierarchyPath":[{"id":"Herkku_00000485","name":"Basmatiriisit","slug":"kuivatuotteet-ja-leivonta-1/riisit-pastat-ja-nuudelit/basmatiriisit","__typename":"HierarchyPathItem"},{"id":"Herkku_00000088","name":"Riisit, pastat ja nuudelit","slug":"kuivatuotteet-ja-leivonta-1/riisit-pastat-ja-nuudelit","__typename":"HierarchyPathItem"},{"id":"Herkku_00000007","name":"Kuivatuotteet ja leivonta","slug":"kuivatuotteet-ja-leivonta-1","__typename":"HierarchyPathItem"}],"isGlobalFallback":null,"countryName":{"fi":"Alankomaat","__typename":"CountryName"}},{"id":"5410673006363","ean":"5410673006363","name":"Ben's Original Jasmiiniriisi 1kg","price":4.99,"storeId":725782447,"__typename":"Product","approxPrice":false,"basicQuantityUnit":"KPL","comparisonPrice":4.99,"comparisonUnit":"KGM","consumerPackageSize":null,"consumerPackageUnit":null,"priceUnit":"KPL","quantityMultiplier":1,"brandName":"Ben's Original","slug":"bens-original-jasmiiniriisi-1kg","isAgeLimitedByAlcohol":false,"frozen":false,"packagingLabels":[],"packagingLabelCodes":[],"hierarchyPath":[{"id":"Herkku_00000479","name":"Jasmiiniriisit","slug":"kuivatuotteet-ja-leivonta-1/riisit-pastat-ja-nuudelit/jasmiiniriisit","__typename":"HierarchyPathItem"},{"id":"Herkku_00000088","name":"Riisit, pastat ja nuudelit","slug":"kuivatuotteet-ja-leivonta-1/riisit-pastat-ja-nuudelit","__typename":"HierarchyPathItem"},{"id":"Herkku_00000007","name":"Kuivatuotteet ja leivonta","slug":"kuivatuotteet-ja-leivonta-1","__typename":"HierarchyPathItem"}],"isGlobalFallback":null,"countryName":{"fi":"Alankomaat","__typename":"CountryName"}},{"id":"5411188110675","ean":"5411188110675","name":"Alpro Plantgurt Hapatettu soijavalmiste, maustamaton 750g","price":3.49,"storeId":725782447,"__typename":"Product","approxPrice":false,"basicQuantityUnit":"KPL","comparisonPrice":4.65,"comparisonUnit":"KGM","consumerPackageSize":null,"consumerPackageUnit":null,"priceUnit":"KPL","quantityMultiplier":1,"brandName":"Alpro","slug":"alpro-plantgurt-hapatettu-soijavalmiste-maustamaton-750g","isAgeLimitedByAlcohol":false,"frozen":false,"packagingLabels":["V Label Vegan"],"packagingLabelCodes":["EUROPEAN_V_LABEL_VEGAN"],"hierarchyPath":[{"id":"Herkku_00000640","name":"Kasvipohjaiset jogurtit","slug":"maito-munat-ja-rasvat-0/jogurtit/kasvipohjaiset-jogurtit","__typename":"HierarchyPathItem"},{"id":"Herkku_00000118","name":"Jogurtit","slug":"maito-munat-ja-rasvat-0/jogurtit","__typename":"HierarchyPathItem"},{"id":"Herkku_00000006","name":"Maito, munat ja rasvat","slug":"maito-munat-ja-rasvat-0","__typename":"HierarchyPathItem"}],"isGlobalFallback":null,"countryName":{"fi":"Belgia","__typename":"CountryName"}},{"id":"5411188112709","ean":"5411188112709","name":"Alpro No Sugars Mantelijuoma ilman sokereita 1L","price":2.99,"storeId":725782447,"__typename":"Product","approxPrice":false,"basicQuantityUnit":"KPL","comparisonPrice":2.99,"comparisonUnit":"LTR","consumerPackageSize":null,"consumerPackageUnit":null,"priceUnit":"KPL","quantityMultiplier":1,"brandName":"Alpro","slug":"alpro-no-sugars-mantelijuoma-ilman-sokereita-1l","isAgeLimitedByAlcohol":false,"frozen":false,"packagingLabels":["V Label Vegan"],"packagingLabelCodes":["EUROPEAN_V_LABEL_VEGAN"],"hierarchyPath":[{"id":"Herkku_00000688","name":"Mantelijuomat","slug":"maito-munat-ja-rasvat-0/kasvipohjaiset-maitojuomat/mantelijuomat","__typename":"HierarchyPathItem"},{"id":"Herkku_00000123","name":"Kasvipohjaiset maitojuomat","slug":"maito-munat-ja-rasvat-0/kasvipohjaiset-maitojuomat","__typename":"HierarchyPathItem"},{"id":"Herkku_00000006","name":"Maito, munat ja rasvat","slug":"maito-munat-ja-rasvat-0","__typename":"HierarchyPathItem"}],"isGlobalFallback":null,"countryName":{"fi":"Belgia","__typename":"CountryName"}},{"id":"5411188115472","ean":"5411188115472","name":"Alpro Soijajuoma 1L","price":2.39,"storeId":725782447,"__typename":"Product","approxPrice":false,"basicQuantityUnit":"KPL","comparisonPrice":2.39,"comparisonUnit":"LTR","consumerPackageSize":null,"consumerPackageUnit":null,"priceUnit":"KPL","quantityMultiplier":1,"brandName":"Alpro","slug":"alpro-soijajuoma-1l","isAgeLimitedByAlcohol":false,"frozen":false,"packagingLabels":["V Label Vegan"],"packagingLabelCodes":["EUROPEAN_V_LABEL_VEGAN"],"hierarchyPath":[{"id":"Herkku_00000685","name":"Soijajuomat","slug":"maito-munat-ja-rasvat-0/kasvipohjaiset-maitojuomat/soijajuomat","__typename":"HierarchyPathItem"},{"id":"Herkku_00000123","name":"Kasvipohjaiset maitojuomat","slug":"maito-munat-ja-rasvat-0/kasvipohjaiset-maitojuomat","__typename":"HierarchyPathItem"},{"id":"Herkku_00000006","name":"Maito, munat ja rasvat","slug":"maito-munat-ja-rasvat-0","__typename":"HierarchyPathItem"}],"isGlobalFallback":null,"countryName":{"fi":"Belgia","__typename":"CountryName"}},{"id":"5411188115496","ean":"5411188115496","name":"Alpro No Sugars Soijajuoma ilman sokereita 1L","price":2.25,"storeId":725782447,"__typename":"Product","approxPrice":false,"basicQuantityUnit":"KPL","comparisonPrice":2.25,"comparisonUnit":"LTR","consumerPackageSize":null,"consumerPackageUnit":null,"priceUnit":"KPL","quantityMultiplier":1,"brandName":"Alpro","slug":"alpro-no-sugars-soijajuoma-ilman-sokereita-1l","isAgeLimitedByAlcohol":false,"frozen":false,"packagingLabels":["V Label Vegan"],"packagingLabelCodes":["EUROPEAN_V_LABEL_VEGAN"],"hierarchyPath":[{"id":"Herkku_00000685","name":"Soijajuomat","slug":"maito-munat-ja-rasvat-0/kasvipohjaiset-maitojuomat/soijajuomat","__typename":"HierarchyPathItem"},{"id":"Herkku_00000123","name":"Kasvipohjaiset maitojuomat","slug":"maito-munat-ja-rasvat-0/kasvipohjaiset-maitojuomat","__typename":"HierarchyPathItem"},{"id":"Herkku_00000006","name":"Maito, munat ja rasvat","slug":"maito-munat-ja-rasvat-0","__typename":"HierarchyPathItem"}],"isGlobalFallback":null,"countryName":{"fi":"Belgia","__typename":"CountryName"}},{"id":"5411188115519","ean":"5411188115519","name":"Alpro Soijajuoma, light 1L","price":2.45,"storeId":725782447,"__typename":"Product","approxPrice":false,"basicQuantityUnit":"KPL","comparisonPrice":2.45,"comparisonUnit":"LTR","consumerPackageSize":null,"consumerPackageUnit":null,"priceUnit":"KPL","quantityMultiplier":1,"brandName":"Alpro","slug":"alpro-soijajuoma-light-1l","isAgeLimitedByAlcohol":false,"frozen":false,"packagingLabels":["V Label Vegan"],"packagingLabelCodes":["EUROPEAN_V_LABEL_VEGAN"],"hierarchyPath":[{"id":"Herkku_00000685","name":"Soijajuomat","slug":"maito-munat-ja-rasvat-0/kasvipohjaiset-maitojuomat/soijajuomat","__typename":"HierarchyPathItem"},{"id":"Herkku_00000123","name":"Kasvipohjaiset maitojuomat","slug":"maito-munat-ja-rasvat-0/kasvipohjaiset-maitojuomat","__typename":"HierarchyPathItem"},{"id":"Herkku_00000006","name":"Maito, munat ja rasvat","slug":"maito-munat-ja-rasvat-0","__typename":"HierarchyPathItem"}],"isGlobalFallback":null,"countryName":{"fi":"Belgia","__typename":"CountryName"}},{"id":"5411188115687","ean":"5411188115687","name":"Alpro Riisijuoma 1L","price":2.49,"storeId":725782447,"__typename":"Product","approxPrice":false,"basicQuantityUnit":"KPL","comparisonPrice":2.49,"comparisonUnit":"LTR","consumerPackageSize":null,"consumerPackageUnit":null,"priceUnit":"KPL","quantityMultiplier":1,"brandName":"Alpro","slug":"alpro-riisijuoma-1l","isAgeLimitedByAlcohol":false,"frozen":false,"packagingLabels":["V Label Vegan"],"packagingLabelCodes":["EUROPEAN_V_LABEL_VEGAN"],"hierarchyPath":[{"id":"Herkku_00000684","name":"Riisijuomat","slug":"maito-munat-ja-rasvat-0/kasvipohjaiset-maitojuomat/riisijuomat","__typename":"HierarchyPathItem"},{"id":"Herkku_00000123","name":"Kasvipohjaiset maitojuomat","slug":"maito-munat-ja-rasvat-0/kasvipohjaiset-maitojuomat","__typename":"HierarchyPathItem"},{"id":"Herkku_00000006","name":"Maito, munat ja rasvat","slug":"maito-munat-ja-rasvat-0","__typename":"HierarchyPathItem"}],"isGlobalFallback":null,"countryName":{"fi":"Belgia","__typename":"CountryName"}},{"id":"5411188118121","ean":"5411188118121","name":"Alpro No Sugars Hapatettu soijavalmiste ilman sokereita, maustamaton 500g","price":2.65,"storeId":725782447,"__typename":"Product","approxPrice":false,"basicQuantityUnit":"KPL","comparisonPrice":5.3,"comparisonUnit":"KGM","consumerPackageSize":null,"consumerPackageUnit":null,"priceUnit":"KPL","quantityMultiplier":1,"brandName":"Alpro","slug":"alpro-no-sugars-hapatettu-soijavalmiste-ilman-sokereita-maustamaton-500g","isAgeLimitedByAlcohol":false,"frozen":false,"packagingLabels":["V Label Vegan"],"packagingLabelCodes":["EUROPEAN_V_LABEL_VEGAN"],"hierarchyPath":[{"id":"Herkku_00000640","name":"Kasvipohjaiset jogurtit","slug":"maito-munat-ja-rasvat-0/jogurtit/kasvipohjaiset-jogurtit","__typename":"HierarchyPathItem"},{"id":"Herkku_00000118","name":"Jogurtit","slug":"maito-munat-ja-rasvat-0/jogurtit","__typename":"HierarchyPathItem"},{"id":"Herkku_00000006","name":"Maito, munat ja rasvat","slug":"maito-munat-ja-rasvat-0","__typename":"HierarchyPathItem"}],"isGlobalFallback":null,"countryName":{"fi":"Belgia","__typename":"CountryName"}},{"id":"5411188121213","ean":"5411188121213","name":"Alpro Greek Style Hapatettu soijavalmiste, maustamaton 400g","price":2.49,"storeId":725782447,"__typename":"Product","approxPrice":false,"basicQuantityUnit":"KPL","comparisonPrice":6.23,"comparisonUnit":"KGM","consumerPackageSize":null,"consumerPackageUnit":null,"priceUnit":"KPL","quantityMultiplier":1,"brandName":"Alpro","slug":"alpro-greek-style-hapatettu-soijavalmiste-maustamaton-400g","isAgeLimitedByAlcohol":false,"frozen":false,"packagingLabels":["V Label Vegan"],"packagingLabelCodes":["EUROPEAN_V_LABEL_VEGAN"],"hierarchyPath":[{"id":"1591691235703027","name":"Maustetut rahkat","slug":"maito-munat-ja-rasvat-0/rahkat-vanukkaat-ja-jalkiruoka/maustetut-rahkat","__typename":"HierarchyPathItem"},{"id":"Herkku_00000115","name":"Rahkat, vanukkaat ja jälkiruoka","slug":"maito-munat-ja-rasvat-0/rahkat-vanukkaat-ja-jalkiruoka","__typename":"HierarchyPathItem"},{"id":"Herkku_00000006","name":"Maito, munat ja rasvat","slug":"maito-munat-ja-rasvat-0","__typename":"HierarchyPathItem"}],"isGlobalFallback":null,"countryName":{"fi":"Belgia","__typename":"CountryName"}},{"id":"5411188121947","ean":"5411188121947","name":"Alpro Soijajuoma, suklaa 250ml","price":1.09,"storeId":725782447,"__typename":"Product","approxPrice":false,"basicQuantityUnit":"KPL","comparisonPrice":4.36,"comparisonUnit":"LTR","consumerPackageSize":null,"consumerPackageUnit":null,"priceUnit":"KPL","quantityMultiplier":1,"brandName":"Alpro","slug":"alpro-soijajuoma-suklaa-250ml","isAgeLimitedByAlcohol":false,"frozen":false,"packagingLabels":["V Label Vegan"],"packagingLabelCodes":["EUROPEAN_V_LABEL_VEGAN"],"hierarchyPath":[{"id":"Herkku_00000685","name":"Soijajuomat","slug":"maito-munat-ja-rasvat-0/kasvipohjaiset-maitojuomat/soijajuomat","__typename":"HierarchyPathItem"},{"id":"Herkku_00000123","name":"Kasvipohjaiset maitojuomat","slug":"maito-munat-ja-rasvat-0/kasvipohjaiset-maitojuomat","__typename":"HierarchyPathItem"},{"id":"Herkku_00000006","name":"Maito, munat ja rasvat","slug":"maito-munat-ja-rasvat-0","__typename":"HierarchyPathItem"}],"isGlobalFallback":null,"countryName":{"fi":"Belgia","__typename":"CountryName"}},{"id":"5411188125808","ean":"5411188125808","name":"Alpro More fruit, no added sugars Hapatettu soijavalmiste mango 400g","price":2.49,"storeId":725782447,"__typename":"Product","approxPrice":false,"basicQuantityUnit":"KPL","comparisonPrice":6.23,"comparisonUnit":"KGM","consumerPackageSize":null,"consumerPackageUnit":null,"priceUnit":"KPL","quantityMultiplier":1,"brandName":"Alpro","slug":"alpro-more-fruit-no-added-sugars-hapatettu-soijavalmiste-mango-400g","isAgeLimitedByAlcohol":false,"frozen":false,"packagingLabels":["V Label Vegan"],"packagingLabelCodes":["EUROPEAN_V_LABEL_VEGAN"],"hierarchyPath":[{"id":"Herkku_00000640","name":"Kasvipohjaiset jogurtit","slug":"maito-munat-ja-rasvat-0/jogurtit/kasvipohjaiset-jogurtit","__typename":"HierarchyPathItem"},{"id":"Herkku_00000118","name":"Jogurtit","slug":"maito-munat-ja-rasvat-0/jogurtit","__typename":"HierarchyPathItem"},{"id":"Herkku_00000006","name":"Maito, munat ja rasvat","slug":"maito-munat-ja-rasvat-0","__typename":"HierarchyPathItem"}],"isGlobalFallback":null,"countryName":{"fi":"Belgia","__typename":"CountryName"}},{"id":"5411188128601","ean":"5411188128601","name":"Alpro Greek Style Hapatettu soijavalmiste, vanilja 400g","price":2.49,"storeId":725782447,"__typename":"Product","approxPrice":false,"basicQuantityUnit":"KPL","comparisonPrice":6.23,"comparisonUnit":"KGM","consumerPackageSize":null,"consumerPackageUnit":null,"priceUnit":"KPL","quantityMultiplier":1,"brandName":"Alpro","slug":"alpro-greek-style-hapatettu-soijavalmiste-vanilja-400g","isAgeLimitedByAlcohol":false,"frozen":false,"packagingLabels":["V Label Vegan"],"packagingLabelCodes":["EUROPEAN_V_LABEL_VEGAN"],"hierarchyPath":[{"id":"Herkku_00000640","name":"Kasvipohjaiset jogurtit","slug":"maito-munat-ja-rasvat-0/jogurtit/kasvipohjaiset-jogurtit","__typename":"HierarchyPathItem"},{"id":"Herkku_00000118","name":"Jogurtit","slug":"maito-munat-ja-rasvat-0/jogurtit","__typename":"HierarchyPathItem"},{"id":"Herkku_00000006","name":"Maito, munat ja rasvat","slug":"maito-munat-ja-rasvat-0","__typename":"HierarchyPathItem"}],"isGlobalFallback":null,"countryName":{"fi":"Belgia","__typename":"CountryName"}},{"id":"5411188128625","ean":"5411188128625","name":"Alpro Greek Style Hapatettu soijavalmiste, mango 400g","price":2.49,"storeId":725782447,"__typename":"Product","approxPrice":false,"basicQuantityUnit":"KPL","comparisonPrice":6.23,"comparisonUnit":"KGM","consumerPackageSize":null,"consumerPackageUnit":null,"priceUnit":"KPL","quantityMultiplier":1,"brandName":"Alpro","slug":"alpro-greek-style-hapatettu-soijavalmiste-mango-400g","isAgeLimitedByAlcohol":false,"frozen":false,"packagingLabels":["Kierrätysmerkki"," V Label Vegan"],"packagingLabelCodes":["EUROPEAN_V_LABEL_VEGAN"," RECYCLABLE_GENERAL_CLAIM"],"hierarchyPath":[{"id":"Herkku_00000640","name":"Kasvipohjaiset jogurtit","slug":"maito-munat-ja-rasvat-0/jogurtit/kasvipohjaiset-jogurtit","__typename":"HierarchyPathItem"},{"id":"Herkku_00000118","name":"Jogurtit","slug":"maito-munat-ja-rasvat-0/jogurtit","__typename":"HierarchyPathItem"},{"id":"Herkku_00000006","name":"Maito, munat ja rasvat","slug":"maito-munat-ja-rasvat-0","__typename":"HierarchyPathItem"}],"isGlobalFallback":null,"countryName":{"fi":"Belgia","__typename":"CountryName"}},{"id":"5411188133476","ean":"5411188133476","name":"Alpro Protein suklaa proteiinijuoma 250ml","price":2.09,"storeId":725782447,"__typename":"Product","approxPrice":false,"basicQuantityUnit":"KPL","comparisonPrice":7.98,"comparisonUnit":"KGM","consumerPackageSize":null,"consumerPackageUnit":null,"priceUnit":"KPL","quantityMultiplier":1,"brandName":"Alpro","slug":"alpro-protein-suklaa-proteiinijuoma-250ml","isAgeLimitedByAlcohol":false,"frozen":false,"packagingLabels":["Green Dot"," V Label Vegan"],"packagingLabelCodes":["EUROPEAN_V_LABEL_VEGAN"," GREEN_DOT"],"hierarchyPath":[{"id":"Herkku_00000637","name":"Juotavat jogurtit","slug":"maito-munat-ja-rasvat-0/jogurtit/juotavat-jogurtit","__typename":"HierarchyPathItem"},{"id":"Herkku_00000118","name":"Jogurtit","slug":"maito-munat-ja-rasvat-0/jogurtit","__typename":"HierarchyPathItem"},{"id":"Herkku_00000006","name":"Maito, munat ja rasvat","slug":"maito-munat-ja-rasvat-0","__typename":"HierarchyPathItem"}],"isGlobalFallback":null,"countryName":{"fi":"Belgia","__typename":"CountryName"}},{"id":"5411188136996","ean":"5411188136996","name":"Alpro Turkish Style hapatettu soijavalmiste 400 g","price":2.49,"storeId":725782447,"__typename":"Product","approxPrice":false,"basicQuantityUnit":"KPL","comparisonPrice":6.23,"comparisonUnit":"KGM","consumerPackageSize":null,"consumerPackageUnit":null,"priceUnit":"KPL","quantityMultiplier":1,"brandName":"Alpro","slug":"alpro-turkish-style-hapatettu-soijavalmiste-400-g","isAgeLimitedByAlcohol":false,"frozen":false,"packagingLabels":["Kierrätysmerkki"," V Label Vegan"],"packagingLabelCodes":["EUROPEAN_V_LABEL_VEGAN"," RECYCLABLE_GENERAL_CLAIM"],"hierarchyPath":[{"id":"Herkku_00000640","name":"Kasvipohjaiset jogurtit","slug":"maito-munat-ja-rasvat-0/jogurtit/kasvipohjaiset-jogurtit","__typename":"HierarchyPathItem"},{"id":"Herkku_00000118","name":"Jogurtit","slug":"maito-munat-ja-rasvat-0/jogurtit","__typename":"HierarchyPathItem"},{"id":"Herkku_00000006","name":"Maito, munat ja rasvat","slug":"maito-munat-ja-rasvat-0","__typename":"HierarchyPathItem"}],"isGlobalFallback":null,"countryName":{"fi":"Belgia","__typename":"CountryName"}},{"id":"5411823250322","ean":"5411823250322","name":"Poppies 250g Mini donitsit 9kpl","price":3.29,"storeId":725782447,"__typename":"Product","approxPrice":false,"basicQuantityUnit":"KPL","comparisonPrice":11.92,"comparisonUnit":"KGM","consumerPackageSize":null,"consumerPackageUnit":null,"priceUnit":"KPL","quantityMultiplier":1,"brandName":"Poppies","slug":"poppies-250g-mini-donitsit-9kpl","isAgeLimitedByAlcohol":false,"frozen":true,"packagingLabels":[],"packagingLabelCodes":[],"hierarchyPath":[{"id":"1591691225974004","name":"Kakut, pullat ja leivokset","slug":"pakasteet-1/leivonnais-ja-leipapakasteet/kakut-pullat-ja-leivokset","__typename":"HierarchyPathItem"},{"id":"Herkku_00000125","name":"Leivonnais- ja leipäpakasteet","slug":"pakasteet-1/leivonnais-ja-leipapakasteet","__typename":"HierarchyPathItem"},{"id":"Herkku_00000013","name":"Pakasteet","slug":"pakasteet-1","__typename":"HierarchyPathItem"}],"isGlobalFallback":null,"countryName":{"fi":"Ranska","__typename":"CountryName"}},{"id":"5415191897790","ean":"5415191897790","name":"Zespri 500g kiivi keltainen Sungold ulkomainen","price":5.79,"storeId":725782447,"__typename":"Product","approxPrice":false,"basicQuantityUnit":"KPL","comparisonPrice":11.58,"comparisonUnit":"KGM","consumerPackageSize":null,"consumerPackageUnit":null,"priceUnit":"KPL","quantityMultiplier":1,"brandName":"Zespri","slug":"zespri-500g-kiivi-keltainen-sungold-ulkomainen","isAgeLimitedByAlcohol":false,"frozen":false,"packagingLabels":[],"packagingLabelCodes":[],"hierarchyPath":[{"id":"Herkku_00000190","name":"Muut hedelmät","slug":"hedelmat-ja-vihannekset-1/hedelmat/muut-hedelmat","__typename":"HierarchyPathItem"},{"id":"Herkku_00000021","name":"Hedelmät","slug":"hedelmat-ja-vihannekset-1/hedelmat","__typename":"HierarchyPathItem"},{"id":"Herkku_00000001","name":"Hedelmät ja vihannekset","slug":"hedelmat-ja-vihannekset-1","__typename":"HierarchyPathItem"}],"isGlobalFallback":null,"countryName":{"fi":"Uusi-Seelanti","__typename":"CountryName"}},{"id":"5449000000965","ean":"5449000000965","name":"6-pack Coca-Cola virvoitusjuoma tölkki 0,33 L","price":5.65,"storeId":725782447,"__typename":"Product","approxPrice":false,"basicQuantityUnit":"KPL","comparisonPrice":2.4,"comparisonUnit":"LTR","consumerPackageSize":null,"consumerPackageUnit":null,"priceUnit":"KPL","quantityMultiplier":1,"brandName":"Coca-Cola","slug":"6-pack-coca-cola-virvoitusjuoma-tolkki-0-33-l","isAgeLimitedByAlcohol":false,"frozen":false,"packagingLabels":[],"packagingLabelCodes":[],"hierarchyPath":[{"id":"Herkku_00000795","name":"Cola-juomat","slug":"juomat-1/virvoitusjuomat/cola-juomat","__typename":"HierarchyPathItem"},{"id":"Herkku_00000048","name":"Virvoitusjuomat","slug":"juomat-1/virvoitusjuomat","__typename":"HierarchyPathItem"},{"id":"Herkku_00000005","name":"Juomat","slug":"juomat-1","__typename":"HierarchyPathItem"}],"isGlobalFallback":null,"countryName":{"fi":"Suomi","__typename":"CountryName"}},{"id":"5449000085757","ean":"5449000085757","name":"Coca-Cola Original Taste virvoitusjuoma tölkki 0,33 L","price":1.39,"storeId":725782447,"__typename":"Product","approxPrice":false,"basicQuantityUnit":"KPL","comparisonPrice":3.76,"comparisonUnit":"LTR","consumerPackageSize":null,"consumerPackageUnit":null,"priceUnit":"KPL","quantityMultiplier":1,"brandName":"Coca-Cola","slug":"coca-cola-original-taste-virvoitusjuoma-tolkki-0-33-l","isAgeLimitedByAlcohol":false,"frozen":false,"packagingLabels":[],"packagingLabelCodes":[],"hierarchyPath":[{"id":"Herkku_00000795","name":"Cola-juomat","slug":"juomat-1/virvoitusjuomat/cola-juomat","__typename":"HierarchyPathItem"},{"id":"Herkku_00000048","name":"Virvoitusjuomat","slug":"juomat-1/virvoitusjuomat","__typename":"HierarchyPathItem"},{"id":"Herkku_00000005","name":"Juomat","slug":"juomat-1","__typename":"HierarchyPathItem"}],"isGlobalFallback":null,"countryName":{"fi":"Suomi","__typename":"CountryName"}},{"id":"5600821264213","ean":"5600821264213","name":"400ml The Gutsy Captain Kombucha Apple & Cinnamon kombucha-juoma LUOMU","price":3.0500000000000003,"storeId":725782447,"__typename":"Product","approxPrice":false,"basicQuantityUnit":"KPL","comparisonPrice":7.13,"comparisonUnit":"LTR","consumerPackageSize":null,"consumerPackageUnit":null,"priceUnit":"KPL","quantityMultiplier":1,"brandName":"The Gutsy Captain Kombucha","slug":"400ml-the-gutsy-captain-kombucha-apple-and-cinnamon-kombucha-juoma-luomu","isAgeLimitedByAlcohol":false,"frozen":false,"packagingLabels":["EU:n luomutunnus (lehti)"," V Label Vegan"],"packagingLabelCodes":["EUROPEAN_V_LABEL_VEGAN"," EU_ORGANIC_FARMING"],"hierarchyPath":[{"id":"1591691224561853","name":"Hyvinvointijuomat","slug":"juomat-1/energiajuomat-ja-urheilujuomat/hyvinvointijuomat","__typename":"HierarchyPathItem"},{"id":"1591691224561833","name":"Energiajuomat ja urheilujuomat","slug":"juomat-1/energiajuomat-ja-urheilujuomat","__typename":"HierarchyPathItem"},{"id":"Herkku_00000005","name":"Juomat","slug":"juomat-1","__typename":"HierarchyPathItem"}],"isGlobalFallback":null,"countryName":{"fi":"Portugali","__typename":"CountryName"}},{"id":"5601068050577","ean":"5601068050577","name":"Pepsodent Super Fluor Hammastahna Mieto maku Koko perheelle 50 ml","price":1.5,"storeId":725782447,"__typename":"Product","approxPrice":false,"basicQuantityUnit":"KPL","comparisonPrice":30,"comparisonUnit":"LTR","consumerPackageSize":null,"consumerPackageUnit":null,"priceUnit":"KPL","quantityMultiplier":1,"brandName":"Pepsodent","slug":"pepsodent-super-fluor-hammastahna-mieto-maku-koko-perheelle-50-ml","isAgeLimitedByAlcohol":false,"frozen":false,"packagingLabels":[],"packagingLabelCodes":[],"hierarchyPath":[{"id":"1591691233571227","name":"Hammastahnat","slug":"kosmetiikka-ja-hygienia/suunhoito/hammastahnat","__typename":"HierarchyPathItem"},{"id":"1591691233571225","name":"Suunhoito","slug":"kosmetiikka-ja-hygienia/suunhoito","__typename":"HierarchyPathItem"},{"id":"1591691233334707","name":"Kosmetiikka ja hygienia","slug":"kosmetiikka-ja-hygienia","__typename":"HierarchyPathItem"}],"isGlobalFallback":null,"countryName":{"fi":"Italia","__typename":"CountryName"}},{"id":"5690527974004","ean":"5690527974004","name":"Isey Skyr Kuningatar maitovalmiste 0% 170g","price":1.35,"storeId":725782447,"__typename":"Product","approxPrice":false,"basicQuantityUnit":"KPL","comparisonPrice":7.94,"comparisonUnit":"KGM","consumerPackageSize":null,"consumerPackageUnit":null,"priceUnit":"KPL","quantityMultiplier":1,"brandName":"Skyr","slug":"isey-skyr-kuningatar-maitovalmiste-0-170g","isAgeLimitedByAlcohol":false,"frozen":false,"packagingLabels":[],"packagingLabelCodes":[],"hierarchyPath":[{"id":"1591691235703027","name":"Maustetut rahkat","slug":"maito-munat-ja-rasvat-0/rahkat-vanukkaat-ja-jalkiruoka/maustetut-rahkat","__typename":"HierarchyPathItem"},{"id":"Herkku_00000115","name":"Rahkat, vanukkaat ja jälkiruoka","slug":"maito-munat-ja-rasvat-0/rahkat-vanukkaat-ja-jalkiruoka","__typename":"HierarchyPathItem"},{"id":"Herkku_00000006","name":"Maito, munat ja rasvat","slug":"maito-munat-ja-rasvat-0","__typename":"HierarchyPathItem"}],"isGlobalFallback":null,"countryName":{"fi":"Tanska","__typename":"CountryName"}},{"id":"5690527976008","ean":"5690527976008","name":"Isey Skyr Mansikka maitovalmiste 0% 170g","price":1.35,"storeId":725782447,"__typename":"Product","approxPrice":false,"basicQuantityUnit":"KPL","comparisonPrice":7.94,"comparisonUnit":"KGM","consumerPackageSize":null,"consumerPackageUnit":null,"priceUnit":"KPL","quantityMultiplier":1,"brandName":"Skyr","slug":"isey-skyr-mansikka-maitovalmiste-0-170g","isAgeLimitedByAlcohol":false,"frozen":false,"packagingLabels":[],"packagingLabelCodes":[],"hierarchyPath":[{"id":"1591691235703027","name":"Maustetut rahkat","slug":"maito-munat-ja-rasvat-0/rahkat-vanukkaat-ja-jalkiruoka/maustetut-rahkat","__typename":"HierarchyPathItem"},{"id":"Herkku_00000115","name":"Rahkat, vanukkaat ja jälkiruoka","slug":"maito-munat-ja-rasvat-0/rahkat-vanukkaat-ja-jalkiruoka","__typename":"HierarchyPathItem"},{"id":"Herkku_00000006","name":"Maito, munat ja rasvat","slug":"maito-munat-ja-rasvat-0","__typename":"HierarchyPathItem"}],"isGlobalFallback":null,"countryName":{"fi":"Tanska","__typename":"CountryName"}},{"id":"5690527983303","ean":"5690527983303","name":"Isey Skyr Wanhanajan vanilja maitovalmiste  laktoositon 2% 400g","price":2.59,"storeId":725782447,"__typename":"Product","approxPrice":false,"basicQuantityUnit":"KPL","comparisonPrice":6.48,"comparisonUnit":"KGM","consumerPackageSize":null,"consumerPackageUnit":null,"priceUnit":"KPL","quantityMultiplier":1,"brandName":"Skyr","slug":"isey-skyr-wanhanajan-vanilja-maitovalmiste-laktoositon-2-400g","isAgeLimitedByAlcohol":false,"frozen":false,"packagingLabels":[],"packagingLabelCodes":[],"hierarchyPath":[{"id":"1591691235703027","name":"Maustetut rahkat","slug":"maito-munat-ja-rasvat-0/rahkat-vanukkaat-ja-jalkiruoka/maustetut-rahkat","__typename":"HierarchyPathItem"},{"id":"Herkku_00000115","name":"Rahkat, vanukkaat ja jälkiruoka","slug":"maito-munat-ja-rasvat-0/rahkat-vanukkaat-ja-jalkiruoka","__typename":"HierarchyPathItem"},{"id":"Herkku_00000006","name":"Maito, munat ja rasvat","slug":"maito-munat-ja-rasvat-0","__typename":"HierarchyPathItem"}],"isGlobalFallback":null,"countryName":{"fi":"Tanska","__typename":"CountryName"}},{"id":"5690527994408","ean":"5690527994408","name":"Isey Skyr Suolainen kinuski maitovalmiste 0% 170g","price":1.35,"storeId":725782447,"__typename":"Product","approxPrice":false,"basicQuantityUnit":"KPL","comparisonPrice":7.94,"comparisonUnit":"KGM","consumerPackageSize":null,"consumerPackageUnit":null,"priceUnit":"KPL","quantityMultiplier":1,"brandName":"Skyr","slug":"isey-skyr-suolainen-kinuski-maitovalmiste-0-170g","isAgeLimitedByAlcohol":false,"frozen":false,"packagingLabels":[],"packagingLabelCodes":[],"hierarchyPath":[{"id":"1591691235703027","name":"Maustetut rahkat","slug":"maito-munat-ja-rasvat-0/rahkat-vanukkaat-ja-jalkiruoka/maustetut-rahkat","__typename":"HierarchyPathItem"},{"id":"Herkku_00000115","name":"Rahkat, vanukkaat ja jälkiruoka","slug":"maito-munat-ja-rasvat-0/rahkat-vanukkaat-ja-jalkiruoka","__typename":"HierarchyPathItem"},{"id":"Herkku_00000006","name":"Maito, munat ja rasvat","slug":"maito-munat-ja-rasvat-0","__typename":"HierarchyPathItem"}],"isGlobalFallback":null,"countryName":{"fi":"Tanska","__typename":"CountryName"}},{"id":"5690845000300","ean":"5690845000300","name":"Isey Skyr Persikka maitovalmiste 2% 170g","price":1.35,"storeId":725782447,"__typename":"Product","approxPrice":false,"basicQuantityUnit":"KPL","comparisonPrice":7.94,"comparisonUnit":"KGM","consumerPackageSize":null,"consumerPackageUnit":null,"priceUnit":"KPL","quantityMultiplier":1,"brandName":"Skyr","slug":"isey-skyr-persikka-maitovalmiste-2-170g","isAgeLimitedByAlcohol":false,"frozen":false,"packagingLabels":[],"packagingLabelCodes":[],"hierarchyPath":[{"id":"1591691235703027","name":"Maustetut rahkat","slug":"maito-munat-ja-rasvat-0/rahkat-vanukkaat-ja-jalkiruoka/maustetut-rahkat","__typename":"HierarchyPathItem"},{"id":"Herkku_00000115","name":"Rahkat, vanukkaat ja jälkiruoka","slug":"maito-munat-ja-rasvat-0/rahkat-vanukkaat-ja-jalkiruoka","__typename":"HierarchyPathItem"},{"id":"Herkku_00000006","name":"Maito, munat ja rasvat","slug":"maito-munat-ja-rasvat-0","__typename":"HierarchyPathItem"}],"isGlobalFallback":null,"countryName":{"fi":"Tanska","__typename":"CountryName"}},{"id":"5690845000737","ean":"5690845000737","name":"Isey Skyr Kerros Kinuski maitovalmiste 170g","price":1.35,"storeId":725782447,"__typename":"Product","approxPrice":false,"basicQuantityUnit":"KPL","comparisonPrice":7.94,"comparisonUnit":"KGM","consumerPackageSize":null,"consumerPackageUnit":null,"priceUnit":"KPL","quantityMultiplier":1,"brandName":"Skyr","slug":"isey-skyr-kerros-kinuski-maitovalmiste-170g","isAgeLimitedByAlcohol":false,"frozen":false,"packagingLabels":[],"packagingLabelCodes":[],"hierarchyPath":[{"id":"1591691235703027","name":"Maustetut rahkat","slug":"maito-munat-ja-rasvat-0/rahkat-vanukkaat-ja-jalkiruoka/maustetut-rahkat","__typename":"HierarchyPathItem"},{"id":"Herkku_00000115","name":"Rahkat, vanukkaat ja jälkiruoka","slug":"maito-munat-ja-rasvat-0/rahkat-vanukkaat-ja-jalkiruoka","__typename":"HierarchyPathItem"},{"id":"Herkku_00000006","name":"Maito, munat ja rasvat","slug":"maito-munat-ja-rasvat-0","__typename":"HierarchyPathItem"}],"isGlobalFallback":null,"countryName":{"fi":"Tanska","__typename":"CountryName"}},{"id":"5690845000751","ean":"5690845000751","name":"Isey Skyr Kerros Mustikka maitovalmiste 170g","price":1.35,"storeId":725782447,"__typename":"Product","approxPrice":false,"basicQuantityUnit":"KPL","comparisonPrice":7.94,"comparisonUnit":"KGM","consumerPackageSize":null,"consumerPackageUnit":null,"priceUnit":"KPL","quantityMultiplier":1,"brandName":"Skyr","slug":"isey-skyr-kerros-mustikka-maitovalmiste-170g","isAgeLimitedByAlcohol":false,"frozen":false,"packagingLabels":[],"packagingLabelCodes":[],"hierarchyPath":[{"id":"1591691235703027","name":"Maustetut rahkat","slug":"maito-munat-ja-rasvat-0/rahkat-vanukkaat-ja-jalkiruoka/maustetut-rahkat","__typename":"HierarchyPathItem"},{"id":"Herkku_00000115","name":"Rahkat, vanukkaat ja jälkiruoka","slug":"maito-munat-ja-rasvat-0/rahkat-vanukkaat-ja-jalkiruoka","__typename":"HierarchyPathItem"},{"id":"Herkku_00000006","name":"Maito, munat ja rasvat","slug":"maito-munat-ja-rasvat-0","__typename":"HierarchyPathItem"}],"isGlobalFallback":null,"countryName":{"fi":"Tanska","__typename":"CountryName"}},{"id":"5700417006804","ean":"5700417006804","name":"Malaco Kick Original toffee 19g","price":0.75,"storeId":725782447,"__typename":"Product","approxPrice":false,"basicQuantityUnit":"KPL","comparisonPrice":39.47,"comparisonUnit":"KGM","consumerPackageSize":null,"consumerPackageUnit":null,"priceUnit":"KPL","quantityMultiplier":1,"brandName":"Cloetta","slug":"malaco-kick-original-toffee-19g","isAgeLimitedByAlcohol":false,"frozen":false,"packagingLabels":[],"packagingLabelCodes":[],"hierarchyPath":[{"id":"Herkku_00000346","name":"Toffeemakeiset","slug":"makeiset-ja-naposteltavat-1/muut-makeiset/toffeemakeiset","__typename":"HierarchyPathItem"},{"id":"Herkku_00000057","name":"Muut makeiset","slug":"makeiset-ja-naposteltavat-1/muut-makeiset","__typename":"HierarchyPathItem"},{"id":"Herkku_00000009","name":"Makeiset ja naposteltavat","slug":"makeiset-ja-naposteltavat-1","__typename":"HierarchyPathItem"}],"isGlobalFallback":null,"countryName":{"fi":"Italia","__typename":"CountryName"}},{"id":"5700551260308","ean":"5700551260308","name":"Best Friend Cattia Paakkuuntuva valkoinen kissanhiekka 5l","price":7.3,"storeId":725782447,"__typename":"Product","approxPrice":false,"basicQuantityUnit":"KPL","comparisonPrice":1.46,"comparisonUnit":"LTR","consumerPackageSize":null,"consumerPackageUnit":null,"priceUnit":"KPL","quantityMultiplier":1,"brandName":"Best Friend","slug":"best-friend-cattia-paakkuuntuva-valkoinen-kissanhiekka-5l","isAgeLimitedByAlcohol":false,"frozen":false,"packagingLabels":[],"packagingLabelCodes":[],"hierarchyPath":[{"id":"Herkku_00000094","name":"Kissanhiekka","slug":"lemmikit-1/kissanhiekka","__typename":"HierarchyPathItem"},{"id":"Herkku_00000012","name":"Lemmikit","slug":"lemmikit-1","__typename":"HierarchyPathItem"}],"isGlobalFallback":null,"countryName":{"fi":"Turkki","__typename":"CountryName"}},{"id":"5701018032230","ean":"5701018032230","name":"Pastella fettuccine pinaatti tuorepasta 250g","price":2.29,"storeId":725782447,"__typename":"Product","approxPrice":false,"basicQuantityUnit":"KPL","comparisonPrice":9.16,"comparisonUnit":"KGM","consumerPackageSize":null,"consumerPackageUnit":null,"priceUnit":"KPL","quantityMultiplier":1,"brandName":"Pastella","slug":"pastella-fettuccine-pinaatti-tuorepasta-250g","isAgeLimitedByAlcohol":false,"frozen":false,"packagingLabels":[],"packagingLabelCodes":[],"hierarchyPath":[{"id":"1591691237218603","name":"Lisäkesalaatit ja tuorepasta","slug":"valmisruoka-1/lisakesalaatit-ja-tuorepasta","__typename":"HierarchyPathItem"},{"id":"StructureGroup_1356670909914497","name":"Valmisruoka","slug":"valmisruoka-1","__typename":"HierarchyPathItem"}],"isGlobalFallback":null,"countryName":{"fi":"Tanska","__typename":"CountryName"}},{"id":"5701073063880","ean":"5701073063880","name":"Dr. Oetker Writing icing koristelugeelit 76 g","price":4.35,"storeId":725782447,"__typename":"Product","approxPrice":false,"basicQuantityUnit":"KPL","comparisonPrice":57.24,"comparisonUnit":"KGM","consumerPackageSize":null,"consumerPackageUnit":null,"priceUnit":"KPL","quantityMultiplier":1,"brandName":"Dr. Oetker","slug":"dr-oetker-writing-icing-koristelugeelit-76-g","isAgeLimitedByAlcohol":false,"frozen":false,"packagingLabels":[],"packagingLabelCodes":[],"hierarchyPath":[{"id":"Herkku_00000405","name":"Koristeet","slug":"kuivatuotteet-ja-leivonta-1/leivontatarvikkeet/koristeet","__typename":"HierarchyPathItem"},{"id":"Herkku_00000072","name":"Leivontatarvikkeet","slug":"kuivatuotteet-ja-leivonta-1/leivontatarvikkeet","__typename":"HierarchyPathItem"},{"id":"Herkku_00000007","name":"Kuivatuotteet ja leivonta","slug":"kuivatuotteet-ja-leivonta-1","__typename":"HierarchyPathItem"}],"isGlobalFallback":null,"countryName":{"fi":"Puola","__typename":"CountryName"}},{"id":"5701073064122","ean":"5701073064122","name":"Dr. Oetker Valkoinen Sokerikuorrute 125g","price":2.25,"storeId":725782447,"__typename":"Product","approxPrice":false,"basicQuantityUnit":"KPL","comparisonPrice":18,"comparisonUnit":"KGM","consumerPackageSize":null,"consumerPackageUnit":null,"priceUnit":"KPL","quantityMultiplier":1,"brandName":"Dr. Oetker","slug":"dr-oetker-valkoinen-sokerikuorrute-125g","isAgeLimitedByAlcohol":false,"frozen":false,"packagingLabels":[],"packagingLabelCodes":[],"hierarchyPath":[{"id":"Herkku_00000405","name":"Koristeet","slug":"kuivatuotteet-ja-leivonta-1/leivontatarvikkeet/koristeet","__typename":"HierarchyPathItem"},{"id":"Herkku_00000072","name":"Leivontatarvikkeet","slug":"kuivatuotteet-ja-leivonta-1/leivontatarvikkeet","__typename":"HierarchyPathItem"},{"id":"Herkku_00000007","name":"Kuivatuotteet ja leivonta","slug":"kuivatuotteet-ja-leivonta-1","__typename":"HierarchyPathItem"}],"isGlobalFallback":null,"countryName":{"fi":"Suomi","__typename":"CountryName"}},{"id":"5701090034368","ean":"5701090034368","name":"HARIBO Click Mix 80g  Karkkipussi","price":0.95,"storeId":725782447,"__typename":"Product","approxPrice":false,"basicQuantityUnit":"KPL","comparisonPrice":11.88,"comparisonUnit":"KGM","consumerPackageSize":null,"consumerPackageUnit":null,"priceUnit":"KPL","quantityMultiplier":1,"brandName":"Haribo","slug":"haribo-click-mix-80g-karkkipussi","isAgeLimitedByAlcohol":false,"frozen":false,"packagingLabels":[],"packagingLabelCodes":[],"hierarchyPath":[{"id":"Herkku_00000322","name":"Hedelmä","slug":"makeiset-ja-naposteltavat-1/karkkipussit/hedelma","__typename":"HierarchyPathItem"},{"id":"Herkku_00000055","name":"Karkkipussit","slug":"makeiset-ja-naposteltavat-1/karkkipussit","__typename":"HierarchyPathItem"},{"id":"Herkku_00000009","name":"Makeiset ja naposteltavat","slug":"makeiset-ja-naposteltavat-1","__typename":"HierarchyPathItem"}],"isGlobalFallback":null,"countryName":{"fi":"Tanska","__typename":"CountryName"}},{"id":"5701090069131","ean":"5701090069131","name":"HARIBO Click Mix 275g Karkkipussi","price":2.45,"storeId":725782447,"__typename":"Product","approxPrice":false,"basicQuantityUnit":"KPL","comparisonPrice":8.91,"comparisonUnit":"KGM","consumerPackageSize":null,"consumerPackageUnit":null,"priceUnit":"KPL","quantityMultiplier":1,"brandName":"Haribo","slug":"haribo-click-mix-275g-karkkipussi","isAgeLimitedByAlcohol":false,"frozen":false,"packagingLabels":[],"packagingLabelCodes":[],"hierarchyPath":[{"id":"Herkku_00000322","name":"Hedelmä","slug":"makeiset-ja-naposteltavat-1/karkkipussit/hedelma","__typename":"HierarchyPathItem"},{"id":"Herkku_00000055","name":"Karkkipussit","slug":"makeiset-ja-naposteltavat-1/karkkipussit","__typename":"HierarchyPathItem"},{"id":"Herkku_00000009","name":"Makeiset ja naposteltavat","slug":"makeiset-ja-naposteltavat-1","__typename":"HierarchyPathItem"}],"isGlobalFallback":null,"countryName":{"fi":"Tanska","__typename":"CountryName"}},{"id":"5701090077068","ean":"5701090077068","name":"HARIBO Kiekko Mix 270g  Karkkipussi","price":2.45,"storeId":725782447,"__typename":"Product","approxPrice":false,"basicQuantityUnit":"KPL","comparisonPrice":9.07,"comparisonUnit":"KGM","consumerPackageSize":null,"consumerPackageUnit":null,"priceUnit":"KPL","quantityMultiplier":1,"brandName":"Haribo","slug":"haribo-kiekko-mix-270g-karkkipussi","isAgeLimitedByAlcohol":false,"frozen":false,"packagingLabels":[],"packagingLabelCodes":[],"hierarchyPath":[{"id":"Herkku_00000322","name":"Hedelmä","slug":"makeiset-ja-naposteltavat-1/karkkipussit/hedelma","__typename":"HierarchyPathItem"},{"id":"Herkku_00000055","name":"Karkkipussit","slug":"makeiset-ja-naposteltavat-1/karkkipussit","__typename":"HierarchyPathItem"},{"id":"Herkku_00000009","name":"Makeiset ja naposteltavat","slug":"makeiset-ja-naposteltavat-1","__typename":"HierarchyPathItem"}],"isGlobalFallback":null,"countryName":{"fi":"Tanska","__typename":"CountryName"}},{"id":"5701092111012","ean":"5701092111012","name":"Vanish GOLD Pink 470g tahranpoistojauhe","price":7.75,"storeId":725782447,"__typename":"Product","approxPrice":false,"basicQuantityUnit":"KPL","comparisonPrice":16.49,"comparisonUnit":"KGM","consumerPackageSize":null,"consumerPackageUnit":null,"priceUnit":"KPL","quantityMultiplier":1,"brandName":"Vanish","slug":"vanish-gold-pink-470g-tahranpoistojauhe","isAgeLimitedByAlcohol":false,"frozen":false,"packagingLabels":[],"packagingLabelCodes":[],"hierarchyPath":[{"id":"1591691234596336","name":"Tahranpoistoaineet","slug":"kodinhoito-ja-taloustarvikkeet/pyykinpesu/tahranpoistoaineet","__typename":"HierarchyPathItem"},{"id":"1591691234596326","name":"Pyykinpesu","slug":"kodinhoito-ja-taloustarvikkeet/pyykinpesu","__typename":"HierarchyPathItem"},{"id":"1591691234596256","name":"Kodinhoito ja taloustarvikkeet","slug":"kodinhoito-ja-taloustarvikkeet","__typename":"HierarchyPathItem"}],"isGlobalFallback":null,"countryName":{"fi":"Italia","__typename":"CountryName"}},{"id":"5701095188448","ean":"5701095188448","name":"Soy King 150ml/180g soijakastike gluteeniton","price":3.25,"storeId":725782447,"__typename":"Product","approxPrice":false,"basicQuantityUnit":"KPL","comparisonPrice":21.67,"comparisonUnit":"LTR","consumerPackageSize":null,"consumerPackageUnit":null,"priceUnit":"KPL","quantityMultiplier":1,"brandName":"Soy-King","slug":"soy-king-150ml180g-soijakastike-gluteeniton","isAgeLimitedByAlcohol":false,"frozen":false,"packagingLabels":[],"packagingLabelCodes":[],"hierarchyPath":[{"id":"Herkku_00000428","name":"Soijakastikkeet","slug":"oljyt-mausteet-maustaminen-1/maustekastikkeet-ja-tahnat/soijakastikkeet","__typename":"HierarchyPathItem"},{"id":"Herkku_00000078","name":"Maustekastikkeet ja tahnat","slug":"oljyt-mausteet-maustaminen-1/maustekastikkeet-ja-tahnat","__typename":"HierarchyPathItem"},{"id":"Herkku_00000011","name":"Öljyt, mausteet, maustaminen","slug":"oljyt-mausteet-maustaminen-1","__typename":"HierarchyPathItem"}],"isGlobalFallback":null,"countryName":{"fi":"Ruotsi","__typename":"CountryName"}},{"id":"5701259100187","ean":"5701259100187","name":"Dansukker Suomalainen Taloussokeri 1kg","price":1.15,"storeId":725782447,"__typename":"Product","approxPrice":false,"basicQuantityUnit":"KPL","comparisonPrice":1.15,"comparisonUnit":"KGM","consumerPackageSize":null,"consumerPackageUnit":null,"priceUnit":"KPL","quantityMultiplier":1,"brandName":"Dansukker","slug":"dansukker-suomalainen-taloussokeri-1kg","isAgeLimitedByAlcohol":false,"frozen":false,"packagingLabels":["Avainlippu"," Hyvää Suomesta (Sininen Joutsen)"],"packagingLabelCodes":["GOODS_FROM_FINLAND_BLUE_SWAN"," MADE_IN_FINLAND_FLAG_WITH_KEY"],"hierarchyPath":[{"id":"Herkku_00000449","name":"Sokerit","slug":"kuivatuotteet-ja-leivonta-1/sokerit-makeutusaineet-ja-hunaja/sokerit","__typename":"HierarchyPathItem"},{"id":"Herkku_00000084","name":"Sokerit, makeutusaineet ja hunaja","slug":"kuivatuotteet-ja-leivonta-1/sokerit-makeutusaineet-ja-hunaja","__typename":"HierarchyPathItem"},{"id":"Herkku_00000007","name":"Kuivatuotteet ja leivonta","slug":"kuivatuotteet-ja-leivonta-1","__typename":"HierarchyPathItem"}],"isGlobalFallback":null,"countryName":{"fi":"Suomi","__typename":"CountryName"}},{"id":"5701259100781","ean":"5701259100781","name":"Dansukker Tomusokeri 500g","price":1.29,"storeId":725782447,"__typename":"Product","approxPrice":false,"basicQuantityUnit":"KPL","comparisonPrice":2.58,"comparisonUnit":"KGM","consumerPackageSize":null,"consumerPackageUnit":null,"priceUnit":"KPL","quantityMultiplier":1,"brandName":"Dansukker","slug":"dansukker-tomusokeri-500g","isAgeLimitedByAlcohol":false,"frozen":false,"packagingLabels":[],"packagingLabelCodes":[],"hierarchyPath":[{"id":"Herkku_00000449","name":"Sokerit","slug":"kuivatuotteet-ja-leivonta-1/sokerit-makeutusaineet-ja-hunaja/sokerit","__typename":"HierarchyPathItem"},{"id":"Herkku_00000084","name":"Sokerit, makeutusaineet ja hunaja","slug":"kuivatuotteet-ja-leivonta-1/sokerit-makeutusaineet-ja-hunaja","__typename":"HierarchyPathItem"},{"id":"Herkku_00000007","name":"Kuivatuotteet ja leivonta","slug":"kuivatuotteet-ja-leivonta-1","__typename":"HierarchyPathItem"}],"isGlobalFallback":null,"countryName":{"fi":"Tanska","__typename":"CountryName"}},{"id":"5702071381334","ean":"5702071381334","name":"Sana-sol Rauta+C-vitamiini appelsiininmakuinen purutabletti ravintolisä 90tabl","price":8.95,"storeId":725782447,"__typename":"Product","approxPrice":false,"basicQuantityUnit":"KPL","comparisonPrice":0.1,"comparisonUnit":"PCE","consumerPackageSize":null,"consumerPackageUnit":null,"priceUnit":"KPL","quantityMultiplier":1,"brandName":"Sana-sol","slug":"sana-sol-rautac-vitamiini-appelsiininmakuinen-purutabletti-ravintolisa-90tabl","isAgeLimitedByAlcohol":false,"frozen":false,"packagingLabels":[],"packagingLabelCodes":[],"hierarchyPath":[{"id":"Herkku_00001047","name":"Rautavalmisteet","slug":"luontaistuotteet-ja-lisaravinteet-1/mineraalivalmisteet/rautavalmisteet","__typename":"HierarchyPathItem"},{"id":"Herkku_00000178","name":"Mineraalivalmisteet","slug":"luontaistuotteet-ja-lisaravinteet-1/mineraalivalmisteet","__typename":"HierarchyPathItem"},{"id":"Herkku_00000016","name":"Luontaistuotteet ja lisäravinteet","slug":"luontaistuotteet-ja-lisaravinteet-1","__typename":"HierarchyPathItem"}],"isGlobalFallback":null,"countryName":{"fi":"Tanska","__typename":"CountryName"}},{"id":"5702071381365","ean":"5702071381365","name":"Sana-sol Magnesiumsitraatti + B6 vitamiinitabletti ravintolisä 120tabl","price":8.95,"storeId":725782447,"__typename":"Product","approxPrice":false,"basicQuantityUnit":"KPL","comparisonPrice":0.07,"comparisonUnit":"PCE","consumerPackageSize":null,"consumerPackageUnit":null,"priceUnit":"KPL","quantityMultiplier":1,"brandName":"Sana-sol","slug":"sana-sol-magnesiumsitraatti-b6-vitamiinitabletti-ravintolisa-120tabl","isAgeLimitedByAlcohol":false,"frozen":false,"packagingLabels":[],"packagingLabelCodes":[],"hierarchyPath":[{"id":"Herkku_00001053","name":"Magnesiumvalmisteet","slug":"luontaistuotteet-ja-lisaravinteet-1/mineraalivalmisteet/magnesiumvalmisteet","__typename":"HierarchyPathItem"},{"id":"Herkku_00000178","name":"Mineraalivalmisteet","slug":"luontaistuotteet-ja-lisaravinteet-1/mineraalivalmisteet","__typename":"HierarchyPathItem"},{"id":"Herkku_00000016","name":"Luontaistuotteet ja lisäravinteet","slug":"luontaistuotteet-ja-lisaravinteet-1","__typename":"HierarchyPathItem"}],"isGlobalFallback":null,"countryName":{"fi":"Tanska","__typename":"CountryName"}},{"id":"5702071381495","ean":"5702071381495","name":"Sana-sol C-vitamiini spirulina 1000mg sokeriton mangonmakuinen C-vitamiiniporetabletti 20 poretablettia","price":2.25,"storeId":725782447,"__typename":"Product","approxPrice":false,"basicQuantityUnit":"KPL","comparisonPrice":0.11,"comparisonUnit":"PCE","consumerPackageSize":null,"consumerPackageUnit":null,"priceUnit":"KPL","quantityMultiplier":1,"brandName":"Sana-sol","slug":"sana-sol-c-vitamiini-spirulina-1000mg-sokeriton-mangonmakuinen-c-vitamiiniporetabletti-20-poretablettia","isAgeLimitedByAlcohol":false,"frozen":false,"packagingLabels":[],"packagingLabelCodes":[],"hierarchyPath":[{"id":"Herkku_00001042","name":"C-vitamiinit","slug":"luontaistuotteet-ja-lisaravinteet-1/vitamiinit/c-vitamiinit","__typename":"HierarchyPathItem"},{"id":"Herkku_00000177","name":"Vitamiinit","slug":"luontaistuotteet-ja-lisaravinteet-1/vitamiinit","__typename":"HierarchyPathItem"},{"id":"Herkku_00000016","name":"Luontaistuotteet ja lisäravinteet","slug":"luontaistuotteet-ja-lisaravinteet-1","__typename":"HierarchyPathItem"}],"isGlobalFallback":null,"countryName":{"fi":"Saksa","__typename":"CountryName"}},{"id":"5704190114107","ean":"5704190114107","name":"Maxim Crispy Brownie 40% Protein Bar Crispy Brownie proteiinipatukka 50g","price":1.85,"storeId":725782447,"__typename":"Product","approxPrice":false,"basicQuantityUnit":"KPL","comparisonPrice":37,"comparisonUnit":"KGM","consumerPackageSize":null,"consumerPackageUnit":null,"priceUnit":"KPL","quantityMultiplier":1,"brandName":"Maxim","slug":"maxim-crispy-brownie-40-protein-bar-crispy-brownie-proteiinipatukka-50g","isAgeLimitedByAlcohol":false,"frozen":false,"packagingLabels":[],"packagingLabelCodes":[],"hierarchyPath":[{"id":"Herkku_00000979","name":"Proteiinipatukat","slug":"luontaistuotteet-ja-lisaravinteet-1/urheiluravinnepatukat/proteiinipatukat","__typename":"HierarchyPathItem"},{"id":"Herkku_00000159","name":"Urheiluravinnepatukat","slug":"luontaistuotteet-ja-lisaravinteet-1/urheiluravinnepatukat","__typename":"HierarchyPathItem"},{"id":"Herkku_00000016","name":"Luontaistuotteet ja lisäravinteet","slug":"luontaistuotteet-ja-lisaravinteet-1","__typename":"HierarchyPathItem"}],"isGlobalFallback":null,"countryName":{"fi":"Alankomaat","__typename":"CountryName"}},{"id":"5704190114145","ean":"5704190114145","name":"Maxim 40% Protein Bar Soft Raspberry Vadelmanmakuinen proteiinipatukka 50g","price":1.85,"storeId":725782447,"__typename":"Product","approxPrice":false,"basicQuantityUnit":"KPL","comparisonPrice":37,"comparisonUnit":"KGM","consumerPackageSize":null,"consumerPackageUnit":null,"priceUnit":"KPL","quantityMultiplier":1,"brandName":"Maxim","slug":"maxim-40-protein-bar-soft-raspberry-vadelmanmakuinen-proteiinipatukka-50g","isAgeLimitedByAlcohol":false,"frozen":false,"packagingLabels":[],"packagingLabelCodes":[],"hierarchyPath":[{"id":"Herkku_00000979","name":"Proteiinipatukat","slug":"luontaistuotteet-ja-lisaravinteet-1/urheiluravinnepatukat/proteiinipatukat","__typename":"HierarchyPathItem"},{"id":"Herkku_00000159","name":"Urheiluravinnepatukat","slug":"luontaistuotteet-ja-lisaravinteet-1/urheiluravinnepatukat","__typename":"HierarchyPathItem"},{"id":"Herkku_00000016","name":"Luontaistuotteet ja lisäravinteet","slug":"luontaistuotteet-ja-lisaravinteet-1","__typename":"HierarchyPathItem"}],"isGlobalFallback":null,"countryName":{"fi":"Alankomaat","__typename":"CountryName"}},{"id":"5706779060249","ean":"5706779060249","name":"Earth Control Snacktaatelit lakritsi 200g","price":3.55,"storeId":725782447,"__typename":"Product","approxPrice":false,"basicQuantityUnit":"KPL","comparisonPrice":17.75,"comparisonUnit":"KGM","consumerPackageSize":null,"consumerPackageUnit":null,"priceUnit":"KPL","quantityMultiplier":1,"brandName":"Earth Control","slug":"earth-control-snacktaatelit-lakritsi-200g","isAgeLimitedByAlcohol":false,"frozen":false,"packagingLabels":[],"packagingLabelCodes":[],"hierarchyPath":[{"id":"Herkku_00000306","name":"Kuivatut hedelmät ja marjat","slug":"kuivatuotteet-ja-leivonta-1/siemenet-pahkinat-ja-kuivatut-hedelmat/kuivatut-hedelmat-ja-marjat","__typename":"HierarchyPathItem"},{"id":"Herkku_00000050","name":"Siemenet, pähkinät ja kuivatut hedelmät","slug":"kuivatuotteet-ja-leivonta-1/siemenet-pahkinat-ja-kuivatut-hedelmat","__typename":"HierarchyPathItem"},{"id":"Herkku_00000007","name":"Kuivatuotteet ja leivonta","slug":"kuivatuotteet-ja-leivonta-1","__typename":"HierarchyPathItem"}],"isGlobalFallback":null,"countryName":{"fi":"Tanska","__typename":"CountryName"}},{"id":"5706779062250","ean":"5706779062250","name":"Earth Control Juicy Dates 250g","price":2.98,"storeId":725782447,"__typename":"Product","approxPrice":false,"basicQuantityUnit":"KPL","comparisonPrice":11.92,"comparisonUnit":"KGM","consumerPackageSize":null,"consumerPackageUnit":null,"priceUnit":"KPL","quantityMultiplier":1,"brandName":"Earth Control","slug":"earth-control-juicy-dates-250g","isAgeLimitedByAlcohol":false,"frozen":false,"packagingLabels":[],"packagingLabelCodes":[],"hierarchyPath":[{"id":"Herkku_00000306","name":"Kuivatut hedelmät ja marjat","slug":"kuivatuotteet-ja-leivonta-1/siemenet-pahkinat-ja-kuivatut-hedelmat/kuivatut-hedelmat-ja-marjat","__typename":"HierarchyPathItem"},{"id":"Herkku_00000050","name":"Siemenet, pähkinät ja kuivatut hedelmät","slug":"kuivatuotteet-ja-leivonta-1/siemenet-pahkinat-ja-kuivatut-hedelmat","__typename":"HierarchyPathItem"},{"id":"Herkku_00000007","name":"Kuivatuotteet ja leivonta","slug":"kuivatuotteet-ja-leivonta-1","__typename":"HierarchyPathItem"}],"isGlobalFallback":null,"countryName":{"fi":"Tunisia","__typename":"CountryName"}},{"id":"5708413018289","ean":"5708413018289","name":"Muumi 120g hedelmäpatukat 8kpl vadelma, omena & päärynä","price":2.69,"storeId":725782447,"__typename":"Product","approxPrice":false,"basicQuantityUnit":"KPL","comparisonPrice":22.42,"comparisonUnit":"KGM","consumerPackageSize":null,"consumerPackageUnit":null,"priceUnit":"KPL","quantityMultiplier":1,"brandName":"Muumi","slug":"muumi-120g-hedelmapatukat-8kpl-vadelma-omena-and-paaryna","isAgeLimitedByAlcohol":false,"frozen":false,"packagingLabels":[],"packagingLabelCodes":[],"hierarchyPath":[{"id":"Herkku_00000306","name":"Kuivatut hedelmät ja marjat","slug":"kuivatuotteet-ja-leivonta-1/siemenet-pahkinat-ja-kuivatut-hedelmat/kuivatut-hedelmat-ja-marjat","__typename":"HierarchyPathItem"},{"id":"Herkku_00000050","name":"Siemenet, pähkinät ja kuivatut hedelmät","slug":"kuivatuotteet-ja-leivonta-1/siemenet-pahkinat-ja-kuivatut-hedelmat","__typename":"HierarchyPathItem"},{"id":"Herkku_00000007","name":"Kuivatuotteet ja leivonta","slug":"kuivatuotteet-ja-leivonta-1","__typename":"HierarchyPathItem"}],"isGlobalFallback":null,"countryName":{"fi":"Unkari","__typename":"CountryName"}},{"id":"5708413026949","ean":"5708413026949","name":"2GO 38g maapähkinäpatukka","price":1.25,"storeId":725782447,"__typename":"Product","approxPrice":false,"basicQuantityUnit":"KPL","comparisonPrice":32.89,"comparisonUnit":"KGM","consumerPackageSize":null,"consumerPackageUnit":null,"priceUnit":"KPL","quantityMultiplier":1,"brandName":"2GO","slug":"2go-38g-maapahkinapatukka","isAgeLimitedByAlcohol":false,"frozen":false,"packagingLabels":[],"packagingLabelCodes":[],"hierarchyPath":[{"id":"1591691259548655","name":"Pähkinäpatukat ja -levyt","slug":"kuivatuotteet-ja-leivonta-1/siemenet-pahkinat-ja-kuivatut-hedelmat/pahkinapatukat-ja-levyt","__typename":"HierarchyPathItem"},{"id":"Herkku_00000050","name":"Siemenet, pähkinät ja kuivatut hedelmät","slug":"kuivatuotteet-ja-leivonta-1/siemenet-pahkinat-ja-kuivatut-hedelmat","__typename":"HierarchyPathItem"},{"id":"Herkku_00000007","name":"Kuivatuotteet ja leivonta","slug":"kuivatuotteet-ja-leivonta-1","__typename":"HierarchyPathItem"}],"isGlobalFallback":null,"countryName":{"fi":"Unkari","__typename":"CountryName"}},{"id":"5708413030304","ean":"5708413030304","name":"Muumi 120g hedelmäpatukat 8kpl mansikka & sekahedelmä","price":2.69,"storeId":725782447,"__typename":"Product","approxPrice":false,"basicQuantityUnit":"KPL","comparisonPrice":22.42,"comparisonUnit":"KGM","consumerPackageSize":null,"consumerPackageUnit":null,"priceUnit":"KPL","quantityMultiplier":1,"brandName":"Muumi","slug":"muumi-120g-hedelmapatukat-8kpl-mansikka-and-sekahedelma","isAgeLimitedByAlcohol":false,"frozen":false,"packagingLabels":[],"packagingLabelCodes":[],"hierarchyPath":[{"id":"Herkku_00000306","name":"Kuivatut hedelmät ja marjat","slug":"kuivatuotteet-ja-leivonta-1/siemenet-pahkinat-ja-kuivatut-hedelmat/kuivatut-hedelmat-ja-marjat","__typename":"HierarchyPathItem"},{"id":"Herkku_00000050","name":"Siemenet, pähkinät ja kuivatut hedelmät","slug":"kuivatuotteet-ja-leivonta-1/siemenet-pahkinat-ja-kuivatut-hedelmat","__typename":"HierarchyPathItem"},{"id":"Herkku_00000007","name":"Kuivatuotteet ja leivonta","slug":"kuivatuotteet-ja-leivonta-1","__typename":"HierarchyPathItem"}],"isGlobalFallback":null,"countryName":{"fi":"Unkari","__typename":"CountryName"}},{"id":"5709364674449","ean":"5709364674449","name":"Karen Volf 144g Brownie cake","price":2.05,"storeId":725782447,"__typename":"Product","approxPrice":false,"basicQuantityUnit":"KPL","comparisonPrice":14.24,"comparisonUnit":"KGM","consumerPackageSize":null,"consumerPackageUnit":null,"priceUnit":"KPL","quantityMultiplier":1,"brandName":"Karen Volf","slug":"karen-volf-144g-brownie-cake","isAgeLimitedByAlcohol":false,"frozen":false,"packagingLabels":[],"packagingLabelCodes":[],"hierarchyPath":[{"id":"Herkku_00000961","name":"Leivokset","slug":"leivat-keksit-ja-leivonnaiset-1/leivonnaiset/leivokset","__typename":"HierarchyPathItem"},{"id":"Herkku_00000152","name":"Leivonnaiset","slug":"leivat-keksit-ja-leivonnaiset-1/leivonnaiset","__typename":"HierarchyPathItem"},{"id":"Herkku_00000008","name":"Leivät, keksit ja leivonnaiset","slug":"leivat-keksit-ja-leivonnaiset-1","__typename":"HierarchyPathItem"}],"isGlobalFallback":null,"countryName":{"fi":"Tanska","__typename":"CountryName"}},{"id":"5711953085604","ean":"5711953085604","name":"Starbucks 200 ml Doubleshot Espresso maitokahvijuoma","price":2.35,"storeId":725782447,"__typename":"Product","approxPrice":false,"basicQuantityUnit":"KPL","comparisonPrice":11.75,"comparisonUnit":"LTR","consumerPackageSize":null,"consumerPackageUnit":null,"priceUnit":"KPL","quantityMultiplier":1,"brandName":"Starbucks","slug":"starbucks-200-ml-doubleshot-espresso-maitokahvijuoma","isAgeLimitedByAlcohol":false,"frozen":false,"packagingLabels":[],"packagingLabelCodes":[],"hierarchyPath":[{"id":"Herkku_00000502","name":"Valmiit kahvijuomat","slug":"juomat-1/kahvit-ja-suodatinpaperit/valmiit-kahvijuomat","__typename":"HierarchyPathItem"},{"id":"Herkku_00000089","name":"Kahvit ja suodatinpaperit","slug":"juomat-1/kahvit-ja-suodatinpaperit","__typename":"HierarchyPathItem"},{"id":"Herkku_00000005","name":"Juomat","slug":"juomat-1","__typename":"HierarchyPathItem"}],"isGlobalFallback":null,"countryName":{"fi":"Tanska","__typename":"CountryName"}},{"id":"5711953136702","ean":"5711953136702","name":"Apetina Snack Mango & Chili 100/70 g","price":2.39,"storeId":725782447,"__typename":"Product","approxPrice":false,"basicQuantityUnit":"KPL","comparisonPrice":34.14,"comparisonUnit":"KGM","consumerPackageSize":null,"consumerPackageUnit":null,"priceUnit":"KPL","quantityMultiplier":1,"brandName":"Apetina","slug":"apetina-snack-mango-and-chili-10070-g","isAgeLimitedByAlcohol":false,"frozen":false,"packagingLabels":[],"packagingLabelCodes":[],"hierarchyPath":[{"id":"1591691244827925","name":"Feta- ja salaattijuustot","slug":"juustot-0/ruoka-ja-herkuttelujuustot/feta-ja-salaattijuustot","__typename":"HierarchyPathItem"},{"id":"1591691244827915","name":"Ruoka- ja herkuttelujuustot","slug":"juustot-0/ruoka-ja-herkuttelujuustot","__typename":"HierarchyPathItem"},{"id":"Herkku_00000003","name":"Juustot","slug":"juustot-0","__typename":"HierarchyPathItem"}],"isGlobalFallback":null,"countryName":{"fi":"Tanska","__typename":"CountryName"}},{"id":"5719642208037","ean":"5719642208037","name":"Knorr Lasagne Ateria-aines Ei lisättyä sokeria Helppo ja nopea tehdä 262 g","price":3.25,"storeId":725782447,"__typename":"Product","approxPrice":false,"basicQuantityUnit":"KPL","comparisonPrice":12.4,"comparisonUnit":"KGM","consumerPackageSize":null,"consumerPackageUnit":null,"priceUnit":"KPL","quantityMultiplier":1,"brandName":"Knorr","slug":"knorr-lasagne-ateria-aines-ei-lisattya-sokeria-helppo-ja-nopea-tehda-262-g","isAgeLimitedByAlcohol":false,"frozen":false,"packagingLabels":[],"packagingLabelCodes":[],"hierarchyPath":[{"id":"Herkku_00000471","name":"Lasagneainekset","slug":"kuivatuotteet-ja-leivonta-1/ateria-ainekset/lasagneainekset","__typename":"HierarchyPathItem"},{"id":"Herkku_00000087","name":"Ateria-ainekset","slug":"kuivatuotteet-ja-leivonta-1/ateria-ainekset","__typename":"HierarchyPathItem"},{"id":"Herkku_00000007","name":"Kuivatuotteet ja leivonta","slug":"kuivatuotteet-ja-leivonta-1","__typename":"HierarchyPathItem"}],"isGlobalFallback":null,"countryName":{"fi":"Sveitsi","__typename":"CountryName"}},{"id":"5719642208044","ean":"5719642208044","name":"Knorr Lasagnette Ateria-aines Ei lisättyä sokeria Helppo ja nopea tehdä 273 g 3–4 annosta","price":3.25,"storeId":725782447,"__typename":"Product","approxPrice":false,"basicQuantityUnit":"KPL","comparisonPrice":11.9,"comparisonUnit":"KGM","consumerPackageSize":null,"consumerPackageUnit":null,"priceUnit":"KPL","quantityMultiplier":1,"brandName":"Knorr","slug":"knorr-lasagnette-ateria-aines-ei-lisattya-sokeria-helppo-ja-nopea-tehda-273-g-3-4-annosta","isAgeLimitedByAlcohol":false,"frozen":false,"packagingLabels":[],"packagingLabelCodes":[],"hierarchyPath":[{"id":"Herkku_00000471","name":"Lasagneainekset","slug":"kuivatuotteet-ja-leivonta-1/ateria-ainekset/lasagneainekset","__typename":"HierarchyPathItem"},{"id":"Herkku_00000087","name":"Ateria-ainekset","slug":"kuivatuotteet-ja-leivonta-1/ateria-ainekset","__typename":"HierarchyPathItem"},{"id":"Herkku_00000007","name":"Kuivatuotteet ja leivonta","slug":"kuivatuotteet-ja-leivonta-1","__typename":"HierarchyPathItem"}],"isGlobalFallback":null,"countryName":{"fi":"Puola","__typename":"CountryName"}},{"id":"5740200001012","ean":"5740200001012","name":"Castello 150 g Blue Sinihomejuusto","price":3.75,"storeId":725782447,"__typename":"Product","approxPrice":false,"basicQuantityUnit":"KPL","comparisonPrice":25,"comparisonUnit":"KGM","consumerPackageSize":null,"consumerPackageUnit":null,"priceUnit":"KPL","quantityMultiplier":1,"brandName":"Castello","slug":"castello-150-g-blue-sinihomejuusto","isAgeLimitedByAlcohol":false,"frozen":false,"packagingLabels":["FSC-sertifikaatti (Forest Stewardship Council)"],"packagingLabelCodes":["FOREST_STEWARDSHIP_COUNCIL_LABEL"],"hierarchyPath":[{"id":"1591691244827935","name":"Homejuustot","slug":"juustot-0/ruoka-ja-herkuttelujuustot/homejuustot","__typename":"HierarchyPathItem"},{"id":"1591691244827915","name":"Ruoka- ja herkuttelujuustot","slug":"juustot-0/ruoka-ja-herkuttelujuustot","__typename":"HierarchyPathItem"},{"id":"Herkku_00000003","name":"Juustot","slug":"juustot-0","__typename":"HierarchyPathItem"}],"isGlobalFallback":null,"countryName":{"fi":"Tanska","__typename":"CountryName"}},{"id":"5740200017013","ean":"5740200017013","name":"Castello White 150 g valkohomejuusto","price":3.75,"storeId":725782447,"__typename":"Product","approxPrice":false,"basicQuantityUnit":"KPL","comparisonPrice":25,"comparisonUnit":"KGM","consumerPackageSize":null,"consumerPackageUnit":null,"priceUnit":"KPL","quantityMultiplier":1,"brandName":"Castello","slug":"castello-white-150-g-valkohomejuusto","isAgeLimitedByAlcohol":false,"frozen":false,"packagingLabels":["FSC-sertifikaatti (Forest Stewardship Council)"],"packagingLabelCodes":["FOREST_STEWARDSHIP_COUNCIL_LABEL"],"hierarchyPath":[{"id":"1591691244827935","name":"Homejuustot","slug":"juustot-0/ruoka-ja-herkuttelujuustot/homejuustot","__typename":"HierarchyPathItem"},{"id":"1591691244827915","name":"Ruoka- ja herkuttelujuustot","slug":"juustot-0/ruoka-ja-herkuttelujuustot","__typename":"HierarchyPathItem"},{"id":"Herkku_00000003","name":"Juustot","slug":"juustot-0","__typename":"HierarchyPathItem"}],"isGlobalFallback":null,"countryName":{"fi":"Tanska","__typename":"CountryName"}},{"id":"5760466630245","ean":"5760466630245","name":"Apetina Classic 200g välimerelliset juustokuutiot","price":3.59,"storeId":725782447,"__typename":"Product","approxPrice":false,"basicQuantityUnit":"KPL","comparisonPrice":17.95,"comparisonUnit":"KGM","consumerPackageSize":null,"consumerPackageUnit":null,"priceUnit":"KPL","quantityMultiplier":1,"brandName":"Apetina","slug":"apetina-classic-200g-valimerelliset-juustokuutiot","isAgeLimitedByAlcohol":false,"frozen":false,"packagingLabels":[],"packagingLabelCodes":[],"hierarchyPath":[{"id":"1591691244827925","name":"Feta- ja salaattijuustot","slug":"juustot-0/ruoka-ja-herkuttelujuustot/feta-ja-salaattijuustot","__typename":"HierarchyPathItem"},{"id":"1591691244827915","name":"Ruoka- ja herkuttelujuustot","slug":"juustot-0/ruoka-ja-herkuttelujuustot","__typename":"HierarchyPathItem"},{"id":"Herkku_00000003","name":"Juustot","slug":"juustot-0","__typename":"HierarchyPathItem"}],"isGlobalFallback":null,"countryName":{"fi":"Tanska","__typename":"CountryName"}},{"id":"5760466642019","ean":"5760466642019","name":"Apetina Classic 200g välimerellinen juustopala","price":3.09,"storeId":725782447,"__typename":"Product","approxPrice":false,"basicQuantityUnit":"KPL","comparisonPrice":15.45,"comparisonUnit":"KGM","consumerPackageSize":null,"consumerPackageUnit":null,"priceUnit":"KPL","quantityMultiplier":1,"brandName":"Apetina","slug":"apetina-classic-200g-valimerellinen-juustopala","isAgeLimitedByAlcohol":false,"frozen":false,"packagingLabels":[],"packagingLabelCodes":[],"hierarchyPath":[{"id":"1591691244827925","name":"Feta- ja salaattijuustot","slug":"juustot-0/ruoka-ja-herkuttelujuustot/feta-ja-salaattijuustot","__typename":"HierarchyPathItem"},{"id":"1591691244827915","name":"Ruoka- ja herkuttelujuustot","slug":"juustot-0/ruoka-ja-herkuttelujuustot","__typename":"HierarchyPathItem"},{"id":"Herkku_00000003","name":"Juustot","slug":"juustot-0","__typename":"HierarchyPathItem"}],"isGlobalFallback":null,"countryName":{"fi":"Tanska","__typename":"CountryName"}},{"id":"5760466754712","ean":"5760466754712","name":"Apetina 200g 3% välimerellinen vähälaktoosinen juusto kuutioina","price":3.59,"storeId":725782447,"__typename":"Product","approxPrice":false,"basicQuantityUnit":"KPL","comparisonPrice":17.95,"comparisonUnit":"KGM","consumerPackageSize":null,"consumerPackageUnit":null,"priceUnit":"KPL","quantityMultiplier":1,"brandName":"Apetina","slug":"apetina-200g-3-valimerellinen-vahalaktoosinen-juusto-kuutioina","isAgeLimitedByAlcohol":false,"frozen":false,"packagingLabels":[],"packagingLabelCodes":[],"hierarchyPath":[{"id":"1591691244827925","name":"Feta- ja salaattijuustot","slug":"juustot-0/ruoka-ja-herkuttelujuustot/feta-ja-salaattijuustot","__typename":"HierarchyPathItem"},{"id":"1591691244827915","name":"Ruoka- ja herkuttelujuustot","slug":"juustot-0/ruoka-ja-herkuttelujuustot","__typename":"HierarchyPathItem"},{"id":"Herkku_00000003","name":"Juustot","slug":"juustot-0","__typename":"HierarchyPathItem"}],"isGlobalFallback":null,"countryName":{"fi":"Tanska","__typename":"CountryName"}},{"id":"5760466851848","ean":"5760466851848","name":"Apetina 200g laktoositon välimerellinen juustopala","price":2.89,"storeId":725782447,"__typename":"Product","approxPrice":false,"basicQuantityUnit":"KPL","comparisonPrice":14.45,"comparisonUnit":"KGM","consumerPackageSize":null,"consumerPackageUnit":null,"priceUnit":"KPL","quantityMultiplier":1,"brandName":"Apetina","slug":"apetina-200g-laktoositon-valimerellinen-juustopala","isAgeLimitedByAlcohol":false,"frozen":false,"packagingLabels":[],"packagingLabelCodes":[],"hierarchyPath":[{"id":"1591691244827925","name":"Feta- ja salaattijuustot","slug":"juustot-0/ruoka-ja-herkuttelujuustot/feta-ja-salaattijuustot","__typename":"HierarchyPathItem"},{"id":"1591691244827915","name":"Ruoka- ja herkuttelujuustot","slug":"juustot-0/ruoka-ja-herkuttelujuustot","__typename":"HierarchyPathItem"},{"id":"Herkku_00000003","name":"Juustot","slug":"juustot-0","__typename":"HierarchyPathItem"}],"isGlobalFallback":null,"countryName":{"fi":"Tanska","__typename":"CountryName"}},{"id":"5760466867429","ean":"5760466867429","name":"Apetina 200g 10% laktoosittomat välimerelliset juustokuutiot","price":3.59,"storeId":725782447,"__typename":"Product","approxPrice":false,"basicQuantityUnit":"KPL","comparisonPrice":17.95,"comparisonUnit":"KGM","consumerPackageSize":null,"consumerPackageUnit":null,"priceUnit":"KPL","quantityMultiplier":1,"brandName":"Apetina","slug":"apetina-200g-10-laktoosittomat-valimerelliset-juustokuutiot","isAgeLimitedByAlcohol":false,"frozen":false,"packagingLabels":[],"packagingLabelCodes":[],"hierarchyPath":[{"id":"1591691244827925","name":"Feta- ja salaattijuustot","slug":"juustot-0/ruoka-ja-herkuttelujuustot/feta-ja-salaattijuustot","__typename":"HierarchyPathItem"},{"id":"1591691244827915","name":"Ruoka- ja herkuttelujuustot","slug":"juustot-0/ruoka-ja-herkuttelujuustot","__typename":"HierarchyPathItem"},{"id":"Herkku_00000003","name":"Juustot","slug":"juustot-0","__typename":"HierarchyPathItem"}],"isGlobalFallback":null,"countryName":{"fi":"Tanska","__typename":"CountryName"}},{"id":"5760466961110","ean":"5760466961110","name":"Starbucks 220 ml Caffè Latte kahvi- ja maitojuoma","price":2.65,"storeId":725782447,"__typename":"Product","approxPrice":false,"basicQuantityUnit":"KPL","comparisonPrice":12.05,"comparisonUnit":"LTR","consumerPackageSize":null,"consumerPackageUnit":null,"priceUnit":"KPL","quantityMultiplier":1,"brandName":"Starbucks","slug":"starbucks-220-ml-caffe-latte-kahvi-ja-maitojuoma","isAgeLimitedByAlcohol":false,"frozen":false,"packagingLabels":["Beverage cups made from single-use plastic."],"packagingLabelCodes":["MADE_OF_PLASTIC_BEVERAGE_CUPS"],"hierarchyPath":[{"id":"1591691235495237","name":"Erikoismaidot","slug":"maito-munat-ja-rasvat-0/maidot-ja-piimat/erikoismaidot","__typename":"HierarchyPathItem"},{"id":"Herkku_00000122","name":"Maidot ja piimät","slug":"maito-munat-ja-rasvat-0/maidot-ja-piimat","__typename":"HierarchyPathItem"},{"id":"Herkku_00000006","name":"Maito, munat ja rasvat","slug":"maito-munat-ja-rasvat-0","__typename":"HierarchyPathItem"}],"isGlobalFallback":null,"countryName":{"fi":"Tanska","__typename":"CountryName"}},{"id":"5760466987783","ean":"5760466987783","name":"Apetina 100/60g snack vihreitä oliiveja, valkosipulia ja välimerellisiä juustokuutioita öljyssä","price":2.39,"storeId":725782447,"__typename":"Product","approxPrice":false,"basicQuantityUnit":"KPL","comparisonPrice":23.9,"comparisonUnit":"KGM","consumerPackageSize":null,"consumerPackageUnit":null,"priceUnit":"KPL","quantityMultiplier":1,"brandName":"Apetina","slug":"apetina-10060g-snack-vihreita-oliiveja-valkosipulia-ja-valimerellisia-juustokuutioita-oljyssa","isAgeLimitedByAlcohol":false,"frozen":false,"packagingLabels":[],"packagingLabelCodes":[],"hierarchyPath":[{"id":"1591691244827925","name":"Feta- ja salaattijuustot","slug":"juustot-0/ruoka-ja-herkuttelujuustot/feta-ja-salaattijuustot","__typename":"HierarchyPathItem"},{"id":"1591691244827915","name":"Ruoka- ja herkuttelujuustot","slug":"juustot-0/ruoka-ja-herkuttelujuustot","__typename":"HierarchyPathItem"},{"id":"Herkku_00000003","name":"Juustot","slug":"juustot-0","__typename":"HierarchyPathItem"}],"isGlobalFallback":null,"countryName":{"fi":"Tanska","__typename":"CountryName"}},{"id":"5760466987806","ean":"5760466987806","name":"Apetina 100/70g snack aurinkokuivatut tomaatit ja välimerelllisiä juustokuutioita öljyssä","price":2.39,"storeId":725782447,"__typename":"Product","approxPrice":false,"basicQuantityUnit":"KPL","comparisonPrice":23.9,"comparisonUnit":"KGM","consumerPackageSize":null,"consumerPackageUnit":null,"priceUnit":"KPL","quantityMultiplier":1,"brandName":"Apetina","slug":"apetina-10070g-snack-aurinkokuivatut-tomaatit-ja-valimerelllisia-juustokuutioita-oljyssa","isAgeLimitedByAlcohol":false,"frozen":false,"packagingLabels":[],"packagingLabelCodes":[],"hierarchyPath":[{"id":"1591691244827925","name":"Feta- ja salaattijuustot","slug":"juustot-0/ruoka-ja-herkuttelujuustot/feta-ja-salaattijuustot","__typename":"HierarchyPathItem"},{"id":"1591691244827915","name":"Ruoka- ja herkuttelujuustot","slug":"juustot-0/ruoka-ja-herkuttelujuustot","__typename":"HierarchyPathItem"},{"id":"Herkku_00000003","name":"Juustot","slug":"juustot-0","__typename":"HierarchyPathItem"}],"isGlobalFallback":null,"countryName":{"fi":"Tanska","__typename":"CountryName"}},{"id":"5765228101230","ean":"5765228101230","name":"URTEKRAM luomu Täysjyväbasmatiriisi 500g","price":3.4,"storeId":725782447,"__typename":"Product","approxPrice":false,"basicQuantityUnit":"KPL","comparisonPrice":6.8,"comparisonUnit":"KGM","consumerPackageSize":null,"consumerPackageUnit":null,"priceUnit":"KPL","quantityMultiplier":1,"brandName":"Urtekram","slug":"urtekram-luomu-taysjyvabasmatiriisi-500g","isAgeLimitedByAlcohol":false,"frozen":false,"packagingLabels":["EU:n luomutunnus (lehti)"," Ø-mærke"],"packagingLabelCodes":["DK_ECO"," EU_ORGANIC_FARMING"],"hierarchyPath":[{"id":"Herkku_00000485","name":"Basmatiriisit","slug":"kuivatuotteet-ja-leivonta-1/riisit-pastat-ja-nuudelit/basmatiriisit","__typename":"HierarchyPathItem"},{"id":"Herkku_00000088","name":"Riisit, pastat ja nuudelit","slug":"kuivatuotteet-ja-leivonta-1/riisit-pastat-ja-nuudelit","__typename":"HierarchyPathItem"},{"id":"Herkku_00000007","name":"Kuivatuotteet ja leivonta","slug":"kuivatuotteet-ja-leivonta-1","__typename":"HierarchyPathItem"}],"isGlobalFallback":null,"countryName":{"fi":"Tanska","__typename":"CountryName"}},{"id":"5765228514641","ean":"5765228514641","name":"URTEKRAM Luomu Mango 135g","price":4.39,"storeId":725782447,"__typename":"Product","approxPrice":false,"basicQuantityUnit":"KPL","comparisonPrice":32.52,"comparisonUnit":"KGM","consumerPackageSize":null,"consumerPackageUnit":null,"priceUnit":"KPL","quantityMultiplier":1,"brandName":"Urtekram","slug":"urtekram-luomu-mango-135g","isAgeLimitedByAlcohol":false,"frozen":false,"packagingLabels":["EU:n luomutunnus (lehti)"," Organic Certifying Body – Debio"," Ø-mærke"],"packagingLabelCodes":["DEBIO"," DK_ECO"," EU_ORGANIC_FARMING"],"hierarchyPath":[{"id":"Herkku_00000306","name":"Kuivatut hedelmät ja marjat","slug":"kuivatuotteet-ja-leivonta-1/siemenet-pahkinat-ja-kuivatut-hedelmat/kuivatut-hedelmat-ja-marjat","__typename":"HierarchyPathItem"},{"id":"Herkku_00000050","name":"Siemenet, pähkinät ja kuivatut hedelmät","slug":"kuivatuotteet-ja-leivonta-1/siemenet-pahkinat-ja-kuivatut-hedelmat","__typename":"HierarchyPathItem"},{"id":"Herkku_00000007","name":"Kuivatuotteet ja leivonta","slug":"kuivatuotteet-ja-leivonta-1","__typename":"HierarchyPathItem"}],"isGlobalFallback":null,"countryName":{"fi":"Tanska","__typename":"CountryName"}},{"id":"5765228518045","ean":"5765228518045","name":"URTEKRAM Luomu Aurinkokuivattu taateli 250g","price":3.49,"storeId":725782447,"__typename":"Product","approxPrice":false,"basicQuantityUnit":"KPL","comparisonPrice":13.96,"comparisonUnit":"KGM","consumerPackageSize":null,"consumerPackageUnit":null,"priceUnit":"KPL","quantityMultiplier":1,"brandName":"Urtekram","slug":"urtekram-luomu-aurinkokuivattu-taateli-250g","isAgeLimitedByAlcohol":false,"frozen":false,"packagingLabels":["EU:n luomutunnus (lehti)"," Organic Certifying Body – Debio"," Ø-mærke"],"packagingLabelCodes":["DEBIO"," DK_ECO"," EU_ORGANIC_FARMING"],"hierarchyPath":[{"id":"Herkku_00000306","name":"Kuivatut hedelmät ja marjat","slug":"kuivatuotteet-ja-leivonta-1/siemenet-pahkinat-ja-kuivatut-hedelmat/kuivatut-hedelmat-ja-marjat","__typename":"HierarchyPathItem"},{"id":"Herkku_00000050","name":"Siemenet, pähkinät ja kuivatut hedelmät","slug":"kuivatuotteet-ja-leivonta-1/siemenet-pahkinat-ja-kuivatut-hedelmat","__typename":"HierarchyPathItem"},{"id":"Herkku_00000007","name":"Kuivatuotteet ja leivonta","slug":"kuivatuotteet-ja-leivonta-1","__typename":"HierarchyPathItem"}],"isGlobalFallback":null,"countryName":{"fi":"Tunisia","__typename":"CountryName"}},{"id":"5765228530085","ean":"5765228530085","name":"URTEKRAM  Luomu Auringonkukansiemeniä 375g","price":2.85,"storeId":725782447,"__typename":"Product","approxPrice":false,"basicQuantityUnit":"KPL","comparisonPrice":7.6,"comparisonUnit":"KGM","consumerPackageSize":null,"consumerPackageUnit":null,"priceUnit":"KPL","quantityMultiplier":1,"brandName":"Urtekram","slug":"urtekram-luomu-auringonkukansiemenia-375g","isAgeLimitedByAlcohol":false,"frozen":false,"packagingLabels":["EU:n luomutunnus (lehti)"," Krav Merkki"," Ø-mærke"],"packagingLabelCodes":["DK_ECO"," EU_ORGANIC_FARMING"," KRAV_MARK"],"hierarchyPath":[{"id":"Herkku_00000307","name":"Siemenet","slug":"kuivatuotteet-ja-leivonta-1/siemenet-pahkinat-ja-kuivatut-hedelmat/siemenet","__typename":"HierarchyPathItem"},{"id":"Herkku_00000050","name":"Siemenet, pähkinät ja kuivatut hedelmät","slug":"kuivatuotteet-ja-leivonta-1/siemenet-pahkinat-ja-kuivatut-hedelmat","__typename":"HierarchyPathItem"},{"id":"Herkku_00000007","name":"Kuivatuotteet ja leivonta","slug":"kuivatuotteet-ja-leivonta-1","__typename":"HierarchyPathItem"}],"isGlobalFallback":null,"countryName":{"fi":"Kiina","__typename":"CountryName"}},{"id":"5765228707722","ean":"5765228707722","name":"Urtekram Luomu Chia-siemen 300g","price":5.95,"storeId":725782447,"__typename":"Product","approxPrice":false,"basicQuantityUnit":"KPL","comparisonPrice":19.83,"comparisonUnit":"KGM","consumerPackageSize":null,"consumerPackageUnit":null,"priceUnit":"KPL","quantityMultiplier":1,"brandName":"Urtekram","slug":"urtekram-luomu-chia-siemen-300g","isAgeLimitedByAlcohol":false,"frozen":false,"packagingLabels":["EU:n luomutunnus (lehti)"," Ø-mærke"],"packagingLabelCodes":["DK_ECO"," EU_ORGANIC_FARMING"],"hierarchyPath":[{"id":"Herkku_00001021","name":"Superfood siemenet","slug":"luontaistuotteet-ja-lisaravinteet-1/superfood-kuivatut-marjat-ja-siemenet/superfood-siemenet","__typename":"HierarchyPathItem"},{"id":"Herkku_00000172","name":"Superfood kuivatut marjat ja siemenet","slug":"luontaistuotteet-ja-lisaravinteet-1/superfood-kuivatut-marjat-ja-siemenet","__typename":"HierarchyPathItem"},{"id":"Herkku_00000016","name":"Luontaistuotteet ja lisäravinteet","slug":"luontaistuotteet-ja-lisaravinteet-1","__typename":"HierarchyPathItem"}],"isGlobalFallback":null,"countryName":{"fi":"Tanska","__typename":"CountryName"}},{"id":"5900164076017","ean":"5900164076017","name":"Fazer Moomin hedelmänmakuinen tikkari 8g","price":0.23,"storeId":725782447,"__typename":"Product","approxPrice":false,"basicQuantityUnit":"KPL","comparisonPrice":28.75,"comparisonUnit":"KGM","consumerPackageSize":null,"consumerPackageUnit":null,"priceUnit":"KPL","quantityMultiplier":1,"brandName":"Fazer","slug":"fazer-moomin-hedelmanmakuinen-tikkari-8g","isAgeLimitedByAlcohol":false,"frozen":false,"packagingLabels":["Green Dot"],"packagingLabelCodes":["GREEN_DOT"],"hierarchyPath":[{"id":"Herkku_00000321","name":"Tikkarit","slug":"makeiset-ja-naposteltavat-1/muut-makeiset/tikkarit","__typename":"HierarchyPathItem"},{"id":"Herkku_00000057","name":"Muut makeiset","slug":"makeiset-ja-naposteltavat-1/muut-makeiset","__typename":"HierarchyPathItem"},{"id":"Herkku_00000009","name":"Makeiset ja naposteltavat","slug":"makeiset-ja-naposteltavat-1","__typename":"HierarchyPathItem"}],"isGlobalFallback":null,"countryName":{"fi":"Puola","__typename":"CountryName"}},{"id":"5900643035023","ean":"5900643035023","name":"Danone Activia Mustikkajogurtti 4x125g","price":2.45,"storeId":725782447,"__typename":"Product","approxPrice":false,"basicQuantityUnit":"KPL","comparisonPrice":4.9,"comparisonUnit":"KGM","consumerPackageSize":null,"consumerPackageUnit":null,"priceUnit":"KPL","quantityMultiplier":1,"brandName":"Activia","slug":"danone-activia-mustikkajogurtti-4x125g","isAgeLimitedByAlcohol":false,"frozen":false,"packagingLabels":[],"packagingLabelCodes":[],"hierarchyPath":[{"id":"1591691235643823","name":"Terveysvaikutteiset jogurtit","slug":"maito-munat-ja-rasvat-0/jogurtit/terveysvaikutteiset-jogurtit","__typename":"HierarchyPathItem"},{"id":"Herkku_00000118","name":"Jogurtit","slug":"maito-munat-ja-rasvat-0/jogurtit","__typename":"HierarchyPathItem"},{"id":"Herkku_00000006","name":"Maito, munat ja rasvat","slug":"maito-munat-ja-rasvat-0","__typename":"HierarchyPathItem"}],"isGlobalFallback":null,"countryName":{"fi":"Puola","__typename":"CountryName"}},{"id":"5900643036457","ean":"5900643036457","name":"Danone Vitalinea mansikka juotava jogurtti 310g","price":1.32,"storeId":725782447,"__typename":"Product","approxPrice":false,"basicQuantityUnit":"KPL","comparisonPrice":4.26,"comparisonUnit":"KGM","consumerPackageSize":null,"consumerPackageUnit":null,"priceUnit":"KPL","quantityMultiplier":1,"brandName":"Vitalinea","slug":"danone-vitalinea-mansikka-juotava-jogurtti-310g","isAgeLimitedByAlcohol":false,"frozen":false,"packagingLabels":[],"packagingLabelCodes":[],"hierarchyPath":[{"id":"Herkku_00000637","name":"Juotavat jogurtit","slug":"maito-munat-ja-rasvat-0/jogurtit/juotavat-jogurtit","__typename":"HierarchyPathItem"},{"id":"Herkku_00000118","name":"Jogurtit","slug":"maito-munat-ja-rasvat-0/jogurtit","__typename":"HierarchyPathItem"},{"id":"Herkku_00000006","name":"Maito, munat ja rasvat","slug":"maito-munat-ja-rasvat-0","__typename":"HierarchyPathItem"}],"isGlobalFallback":null,"countryName":{"fi":"Puola","__typename":"CountryName"}},{"id":"5900643036495","ean":"5900643036495","name":"Danone Vitalinea vadelma juotava jogurtti 310g","price":1.32,"storeId":725782447,"__typename":"Product","approxPrice":false,"basicQuantityUnit":"KPL","comparisonPrice":4.26,"comparisonUnit":"KGM","consumerPackageSize":null,"consumerPackageUnit":null,"priceUnit":"KPL","quantityMultiplier":1,"brandName":"Vitalinea","slug":"danone-vitalinea-vadelma-juotava-jogurtti-310g","isAgeLimitedByAlcohol":false,"frozen":false,"packagingLabels":[],"packagingLabelCodes":[],"hierarchyPath":[{"id":"Herkku_00000637","name":"Juotavat jogurtit","slug":"maito-munat-ja-rasvat-0/jogurtit/juotavat-jogurtit","__typename":"HierarchyPathItem"},{"id":"Herkku_00000118","name":"Jogurtit","slug":"maito-munat-ja-rasvat-0/jogurtit","__typename":"HierarchyPathItem"},{"id":"Herkku_00000006","name":"Maito, munat ja rasvat","slug":"maito-munat-ja-rasvat-0","__typename":"HierarchyPathItem"}],"isGlobalFallback":null,"countryName":{"fi":"Puola","__typename":"CountryName"}},{"id":"5900951014642","ean":"5900951014642","name":"Dove Caramel Liaison 50g","price":0.95,"storeId":725782447,"__typename":"Product","approxPrice":false,"basicQuantityUnit":"KPL","comparisonPrice":19,"comparisonUnit":"KGM","consumerPackageSize":null,"consumerPackageUnit":null,"priceUnit":"KPL","quantityMultiplier":1,"brandName":"Dove","slug":"dove-caramel-liaison-50g","isAgeLimitedByAlcohol":false,"frozen":false,"packagingLabels":[],"packagingLabelCodes":[],"hierarchyPath":[{"id":"Herkku_00000333","name":"Suklaapatukat","slug":"makeiset-ja-naposteltavat-1/suklaat/suklaapatukat","__typename":"HierarchyPathItem"},{"id":"Herkku_00000060","name":"Suklaat","slug":"makeiset-ja-naposteltavat-1/suklaat","__typename":"HierarchyPathItem"},{"id":"Herkku_00000009","name":"Makeiset ja naposteltavat","slug":"makeiset-ja-naposteltavat-1","__typename":"HierarchyPathItem"}],"isGlobalFallback":null,"countryName":{"fi":"Puola","__typename":"CountryName"}},{"id":"5900951017575","ean":"5900951017575","name":"Whiskas Tonnikalaa hyytelössä 400g","price":1.69,"storeId":725782447,"__typename":"Product","approxPrice":false,"basicQuantityUnit":"KPL","comparisonPrice":4.22,"comparisonUnit":"KGM","consumerPackageSize":null,"consumerPackageUnit":null,"priceUnit":"KPL","quantityMultiplier":1,"brandName":"Whiskas","slug":"whiskas-tonnikalaa-hyytelossa-400g","isAgeLimitedByAlcohol":false,"frozen":false,"packagingLabels":[],"packagingLabelCodes":[],"hierarchyPath":[{"id":"Herkku_00000533","name":"Kissan kostea ruoka","slug":"lemmikit-1/kissanruoat/kissan-kostea-ruoka","__typename":"HierarchyPathItem"},{"id":"Herkku_00000101","name":"Kissanruoat","slug":"lemmikit-1/kissanruoat","__typename":"HierarchyPathItem"},{"id":"Herkku_00000012","name":"Lemmikit","slug":"lemmikit-1","__typename":"HierarchyPathItem"}],"isGlobalFallback":null,"countryName":{"fi":"Puola","__typename":"CountryName"}},{"id":"5900951027307","ean":"5900951027307","name":"Snickers 2pack 75g","price":1.05,"storeId":725782447,"__typename":"Product","approxPrice":false,"basicQuantityUnit":"KPL","comparisonPrice":14,"comparisonUnit":"KGM","consumerPackageSize":null,"consumerPackageUnit":null,"priceUnit":"KPL","quantityMultiplier":1,"brandName":"Snickers","slug":"snickers-2pack-75g","isAgeLimitedByAlcohol":false,"frozen":false,"packagingLabels":[],"packagingLabelCodes":[],"hierarchyPath":[{"id":"Herkku_00000333","name":"Suklaapatukat","slug":"makeiset-ja-naposteltavat-1/suklaat/suklaapatukat","__typename":"HierarchyPathItem"},{"id":"Herkku_00000060","name":"Suklaat","slug":"makeiset-ja-naposteltavat-1/suklaat","__typename":"HierarchyPathItem"},{"id":"Herkku_00000009","name":"Makeiset ja naposteltavat","slug":"makeiset-ja-naposteltavat-1","__typename":"HierarchyPathItem"}],"isGlobalFallback":null,"countryName":{"fi":"Puola","__typename":"CountryName"}},{"id":"5900951028502","ean":"5900951028502","name":"Twix xtra 75g","price":1.05,"storeId":725782447,"__typename":"Product","approxPrice":false,"basicQuantityUnit":"KPL","comparisonPrice":14,"comparisonUnit":"KGM","consumerPackageSize":null,"consumerPackageUnit":null,"priceUnit":"KPL","quantityMultiplier":1,"brandName":"Twix","slug":"twix-xtra-75g","isAgeLimitedByAlcohol":false,"frozen":false,"packagingLabels":[],"packagingLabelCodes":[],"hierarchyPath":[{"id":"Herkku_00000333","name":"Suklaapatukat","slug":"makeiset-ja-naposteltavat-1/suklaat/suklaapatukat","__typename":"HierarchyPathItem"},{"id":"Herkku_00000060","name":"Suklaat","slug":"makeiset-ja-naposteltavat-1/suklaat","__typename":"HierarchyPathItem"},{"id":"Herkku_00000009","name":"Makeiset ja naposteltavat","slug":"makeiset-ja-naposteltavat-1","__typename":"HierarchyPathItem"}],"isGlobalFallback":null,"countryName":{"fi":"Puola","__typename":"CountryName"}},{"id":"5900951263316","ean":"5900951263316","name":"Pedigree Adult Härkää ja Siipikarjaa 2,6kg","price":6.9,"storeId":725782447,"__typename":"Product","approxPrice":false,"basicQuantityUnit":"KPL","comparisonPrice":2.65,"comparisonUnit":"KGM","consumerPackageSize":null,"consumerPackageUnit":null,"priceUnit":"KPL","quantityMultiplier":1,"brandName":"Pedigree","slug":"pedigree-adult-harkaa-ja-siipikarjaa-2-6kg","isAgeLimitedByAlcohol":false,"frozen":false,"packagingLabels":[],"packagingLabelCodes":[],"hierarchyPath":[{"id":"Herkku_00000539","name":"Koiran kuiva ruoka","slug":"lemmikit-1/koiranruoat/koiran-kuiva-ruoka","__typename":"HierarchyPathItem"},{"id":"Herkku_00000102","name":"Koiranruoat","slug":"lemmikit-1/koiranruoat","__typename":"HierarchyPathItem"},{"id":"Herkku_00000012","name":"Lemmikit","slug":"lemmikit-1","__typename":"HierarchyPathItem"}],"isGlobalFallback":null,"countryName":{"fi":"Puola","__typename":"CountryName"}},{"id":"5900951283963","ean":"5900951283963","name":"Snickers Creamy Peanut Butter 36,5g suklaapatukka","price":0.79,"storeId":725782447,"__typename":"Product","approxPrice":false,"basicQuantityUnit":"KPL","comparisonPrice":21.35,"comparisonUnit":"KGM","consumerPackageSize":null,"consumerPackageUnit":null,"priceUnit":"KPL","quantityMultiplier":1,"brandName":"Snickers","slug":"snickers-creamy-peanut-butter-36-5g-suklaapatukka","isAgeLimitedByAlcohol":false,"frozen":false,"packagingLabels":[],"packagingLabelCodes":[],"hierarchyPath":[{"id":"Herkku_00000333","name":"Suklaapatukat","slug":"makeiset-ja-naposteltavat-1/suklaat/suklaapatukat","__typename":"HierarchyPathItem"},{"id":"Herkku_00000060","name":"Suklaat","slug":"makeiset-ja-naposteltavat-1/suklaat","__typename":"HierarchyPathItem"},{"id":"Herkku_00000009","name":"Makeiset ja naposteltavat","slug":"makeiset-ja-naposteltavat-1","__typename":"HierarchyPathItem"}],"isGlobalFallback":null,"countryName":{"fi":"Puola","__typename":"CountryName"}},{"id":"5900951293825","ean":"5900951293825","name":"Pedigree 4x100g Adult kastikelajitelma","price":2.69,"storeId":725782447,"__typename":"Product","approxPrice":false,"basicQuantityUnit":"KPL","comparisonPrice":6.73,"comparisonUnit":"KGM","consumerPackageSize":null,"consumerPackageUnit":null,"priceUnit":"KPL","quantityMultiplier":1,"brandName":"Pedigree","slug":"pedigree-4x100g-adult-kastikelajitelma","isAgeLimitedByAlcohol":false,"frozen":false,"packagingLabels":[],"packagingLabelCodes":[],"hierarchyPath":[{"id":"Herkku_00000537","name":"Koiran kostea ruoka","slug":"lemmikit-1/koiranruoat/koiran-kostea-ruoka","__typename":"HierarchyPathItem"},{"id":"Herkku_00000102","name":"Koiranruoat","slug":"lemmikit-1/koiranruoat","__typename":"HierarchyPathItem"},{"id":"Herkku_00000012","name":"Lemmikit","slug":"lemmikit-1","__typename":"HierarchyPathItem"}],"isGlobalFallback":null,"countryName":{"fi":"Puola","__typename":"CountryName"}},{"id":"5901478007964","ean":"5901478007964","name":"VELTIE 8RL WC-PAPERI SOFTWHITE 3KRS","price":4.49,"storeId":725782447,"__typename":"Product","approxPrice":false,"basicQuantityUnit":"KPL","comparisonPrice":0.56,"comparisonUnit":"PCE","consumerPackageSize":null,"consumerPackageUnit":null,"priceUnit":"KPL","quantityMultiplier":1,"brandName":"Veltie","slug":"veltie-8rl-wc-paperi-softwhite-3krs","isAgeLimitedByAlcohol":false,"frozen":false,"packagingLabels":[],"packagingLabelCodes":[],"hierarchyPath":[{"id":"1591691234596263","name":"Wc-paperit","slug":"kodinhoito-ja-taloustarvikkeet/kodin-paperit/wc-paperit","__typename":"HierarchyPathItem"},{"id":"1591691234596259","name":"Kodin paperit","slug":"kodinhoito-ja-taloustarvikkeet/kodin-paperit","__typename":"HierarchyPathItem"},{"id":"1591691234596256","name":"Kodinhoito ja taloustarvikkeet","slug":"kodinhoito-ja-taloustarvikkeet","__typename":"HierarchyPathItem"}],"isGlobalFallback":null,"countryName":{"fi":"Puola","__typename":"CountryName"}},{"id":"5901478998781","ean":"5901478998781","name":"VELTIE 8RL TP PURE WHITE 2KRS","price":5.95,"storeId":725782447,"__typename":"Product","approxPrice":false,"basicQuantityUnit":"KPL","comparisonPrice":0.74,"comparisonUnit":"PCE","consumerPackageSize":null,"consumerPackageUnit":null,"priceUnit":"KPL","quantityMultiplier":1,"brandName":"Veltie","slug":"veltie-8rl-tp-pure-white-2krs","isAgeLimitedByAlcohol":false,"frozen":false,"packagingLabels":[],"packagingLabelCodes":[],"hierarchyPath":[{"id":"1591691234596264","name":"Talouspaperit","slug":"kodinhoito-ja-taloustarvikkeet/kodin-paperit/talouspaperit","__typename":"HierarchyPathItem"},{"id":"1591691234596259","name":"Kodin paperit","slug":"kodinhoito-ja-taloustarvikkeet/kodin-paperit","__typename":"HierarchyPathItem"},{"id":"1591691234596256","name":"Kodinhoito ja taloustarvikkeet","slug":"kodinhoito-ja-taloustarvikkeet","__typename":"HierarchyPathItem"}],"isGlobalFallback":null,"countryName":{"fi":"Puola","__typename":"CountryName"}},{"id":"5906747309435","ean":"5906747309435","name":"Digestive Täysjyvä keksi 400g","price":2.55,"storeId":725782447,"__typename":"Product","approxPrice":false,"basicQuantityUnit":"KPL","comparisonPrice":6.37,"comparisonUnit":"KGM","consumerPackageSize":null,"consumerPackageUnit":null,"priceUnit":"KPL","quantityMultiplier":1,"brandName":"LU","slug":"digestive-taysjyva-keksi-400g","isAgeLimitedByAlcohol":false,"frozen":false,"packagingLabels":[],"packagingLabelCodes":[],"hierarchyPath":[{"id":"Herkku_00000362","name":"Digestivet","slug":"leivat-keksit-ja-leivonnaiset-1/keksit/digestivet","__typename":"HierarchyPathItem"},{"id":"Herkku_00000065","name":"Keksit","slug":"leivat-keksit-ja-leivonnaiset-1/keksit","__typename":"HierarchyPathItem"},{"id":"Herkku_00000008","name":"Leivät, keksit ja leivonnaiset","slug":"leivat-keksit-ja-leivonnaiset-1","__typename":"HierarchyPathItem"}],"isGlobalFallback":null,"countryName":{"fi":"Puola","__typename":"CountryName"}},{"id":"5906747309503","ean":"5906747309503","name":"Digestive Classic keksi 400g","price":2.49,"storeId":725782447,"__typename":"Product","approxPrice":false,"basicQuantityUnit":"KPL","comparisonPrice":6.23,"comparisonUnit":"KGM","consumerPackageSize":null,"consumerPackageUnit":null,"priceUnit":"KPL","quantityMultiplier":1,"brandName":"LU","slug":"digestive-classic-keksi-400g","isAgeLimitedByAlcohol":false,"frozen":false,"packagingLabels":[],"packagingLabelCodes":[],"hierarchyPath":[{"id":"Herkku_00000362","name":"Digestivet","slug":"leivat-keksit-ja-leivonnaiset-1/keksit/digestivet","__typename":"HierarchyPathItem"},{"id":"Herkku_00000065","name":"Keksit","slug":"leivat-keksit-ja-leivonnaiset-1/keksit","__typename":"HierarchyPathItem"},{"id":"Herkku_00000008","name":"Leivät, keksit ja leivonnaiset","slug":"leivat-keksit-ja-leivonnaiset-1","__typename":"HierarchyPathItem"}],"isGlobalFallback":null,"countryName":{"fi":"Puola","__typename":"CountryName"}},{"id":"5997523312152","ean":"5997523312152","name":"Nissin 90g SOBA Cup Classic nuudeli","price":2.29,"storeId":725782447,"__typename":"Product","approxPrice":false,"basicQuantityUnit":"KPL","comparisonPrice":25.44,"comparisonUnit":"KGM","consumerPackageSize":null,"consumerPackageUnit":null,"priceUnit":"KPL","quantityMultiplier":1,"brandName":"Nissin","slug":"nissin-90g-soba-cup-classic-nuudeli","isAgeLimitedByAlcohol":false,"frozen":false,"packagingLabels":[],"packagingLabelCodes":[],"hierarchyPath":[{"id":"Herkku_00000487","name":"Annosnuudelit","slug":"kuivatuotteet-ja-leivonta-1/riisit-pastat-ja-nuudelit/annosnuudelit","__typename":"HierarchyPathItem"},{"id":"Herkku_00000088","name":"Riisit, pastat ja nuudelit","slug":"kuivatuotteet-ja-leivonta-1/riisit-pastat-ja-nuudelit","__typename":"HierarchyPathItem"},{"id":"Herkku_00000007","name":"Kuivatuotteet ja leivonta","slug":"kuivatuotteet-ja-leivonta-1","__typename":"HierarchyPathItem"}],"isGlobalFallback":null,"countryName":{"fi":"Unkari","__typename":"CountryName"}},{"id":"6405020030466","ean":"6405020030466","name":"Kuusamon Juusto sinileima Emmental 300 g","price":6.15,"storeId":725782447,"__typename":"Product","approxPrice":false,"basicQuantityUnit":"KPL","comparisonPrice":20.5,"comparisonUnit":"KGM","consumerPackageSize":null,"consumerPackageUnit":null,"priceUnit":"KPL","quantityMultiplier":1,"brandName":"Kuusamon Juusto","slug":"kuusamon-juusto-sinileima-emmental-300-g","isAgeLimitedByAlcohol":false,"frozen":false,"packagingLabels":["Hyvää Suomesta (Sininen Joutsen)"],"packagingLabelCodes":["GOODS_FROM_FINLAND_BLUE_SWAN"],"hierarchyPath":[{"id":"1591691244827920","name":"Emmental juustot","slug":"juustot-0/pala-ja-viipalejuustot/emmental-juustot","__typename":"HierarchyPathItem"},{"id":"1591691244827914","name":"Pala- ja viipalejuustot","slug":"juustot-0/pala-ja-viipalejuustot","__typename":"HierarchyPathItem"},{"id":"Herkku_00000003","name":"Juustot","slug":"juustot-0","__typename":"HierarchyPathItem"}],"isGlobalFallback":null,"countryName":{"fi":"Suomi","__typename":"CountryName"}},{"id":"6405020031128","ean":"6405020031128","name":"Kuusamon Juusto Goudaviipale 120 g","price":2.75,"storeId":725782447,"__typename":"Product","approxPrice":false,"basicQuantityUnit":"KPL","comparisonPrice":22.92,"comparisonUnit":"KGM","consumerPackageSize":null,"consumerPackageUnit":null,"priceUnit":"KPL","quantityMultiplier":1,"brandName":"Kuusamon Juusto","slug":"kuusamon-juusto-goudaviipale-120-g","isAgeLimitedByAlcohol":false,"frozen":false,"packagingLabels":["Hyvää Suomesta (Sininen Joutsen)"],"packagingLabelCodes":["GOODS_FROM_FINLAND_BLUE_SWAN"],"hierarchyPath":[{"id":"1591691244827922","name":"Gouda juustot","slug":"juustot-0/pala-ja-viipalejuustot/gouda-juustot","__typename":"HierarchyPathItem"},{"id":"1591691244827914","name":"Pala- ja viipalejuustot","slug":"juustot-0/pala-ja-viipalejuustot","__typename":"HierarchyPathItem"},{"id":"Herkku_00000003","name":"Juustot","slug":"juustot-0","__typename":"HierarchyPathItem"}],"isGlobalFallback":null,"countryName":{"fi":"Suomi","__typename":"CountryName"}},{"id":"6405053008418","ean":"6405053008418","name":"Makuliha Makukeittiön Kasvislauantai 120 g","price":2.25,"storeId":725782447,"__typename":"Product","approxPrice":false,"basicQuantityUnit":"KPL","comparisonPrice":18.75,"comparisonUnit":"KGM","consumerPackageSize":null,"consumerPackageUnit":null,"priceUnit":"KPL","quantityMultiplier":1,"brandName":"Makuliha","slug":"makuliha-makukeittion-kasvislauantai-120-g","isAgeLimitedByAlcohol":false,"frozen":false,"packagingLabels":[],"packagingLabelCodes":[],"hierarchyPath":[{"id":"1591691245926572","name":"Kasvipohjaiset leikkeleet","slug":"liha-ja-kasviproteiinit-1/kinkut-ja-leikkeleet/kasvipohjaiset-leikkeleet","__typename":"HierarchyPathItem"},{"id":"Herkku_00000156","name":"Kinkut ja leikkeleet","slug":"liha-ja-kasviproteiinit-1/kinkut-ja-leikkeleet","__typename":"HierarchyPathItem"},{"id":"Herkku_00000014","name":"Liha ja kasviproteiinit","slug":"liha-ja-kasviproteiinit-1","__typename":"HierarchyPathItem"}],"isGlobalFallback":null,"countryName":{"fi":"Suomi","__typename":"CountryName"}},{"id":"6405096000370","ean":"6405096000370","name":"Mr. Panini Meat Lovers panini 235g","price":4.59,"storeId":725782447,"__typename":"Product","approxPrice":false,"basicQuantityUnit":"KPL","comparisonPrice":19.53,"comparisonUnit":"KGM","consumerPackageSize":null,"consumerPackageUnit":null,"priceUnit":"KPL","quantityMultiplier":1,"brandName":"Mr. Panini","slug":"mr-panini-meat-lovers-panini-235g","isAgeLimitedByAlcohol":false,"frozen":false,"packagingLabels":["Avainlippu"],"packagingLabelCodes":["MADE_IN_FINLAND_FLAG_WITH_KEY"],"hierarchyPath":[{"id":"1591691237218566","name":"Leivät, paninit ja wrapit","slug":"valmisruoka-1/valmisateriat-ja-keitot/leivat-paninit-ja-wrapit","__typename":"HierarchyPathItem"},{"id":"1591691237074396","name":"Valmisateriat ja -keitot","slug":"valmisruoka-1/valmisateriat-ja-keitot","__typename":"HierarchyPathItem"},{"id":"StructureGroup_1356670909914497","name":"Valmisruoka","slug":"valmisruoka-1","__typename":"HierarchyPathItem"}],"isGlobalFallback":null,"countryName":{"fi":"Suomi","__typename":"CountryName"}},{"id":"6405096008024","ean":"6405096008024","name":"Mr. Panini Kanapanini 235g","price":4.59,"storeId":725782447,"__typename":"Product","approxPrice":false,"basicQuantityUnit":"KPL","comparisonPrice":19.53,"comparisonUnit":"KGM","consumerPackageSize":null,"consumerPackageUnit":null,"priceUnit":"KPL","quantityMultiplier":1,"brandName":"Mr. Panini","slug":"mr-panini-kanapanini-235g","isAgeLimitedByAlcohol":false,"frozen":false,"packagingLabels":["Avainlippu"],"packagingLabelCodes":["MADE_IN_FINLAND_FLAG_WITH_KEY"],"hierarchyPath":[{"id":"1591691237218566","name":"Leivät, paninit ja wrapit","slug":"valmisruoka-1/valmisateriat-ja-keitot/leivat-paninit-ja-wrapit","__typename":"HierarchyPathItem"},{"id":"1591691237074396","name":"Valmisateriat ja -keitot","slug":"valmisruoka-1/valmisateriat-ja-keitot","__typename":"HierarchyPathItem"},{"id":"StructureGroup_1356670909914497","name":"Valmisruoka","slug":"valmisruoka-1","__typename":"HierarchyPathItem"}],"isGlobalFallback":null,"countryName":{"fi":"Suomi","__typename":"CountryName"}},{"id":"6405096008055","ean":"6405096008055","name":"Mr. Panini BBQ kana-pekonipanini 235 g","price":4.59,"storeId":725782447,"__typename":"Product","approxPrice":false,"basicQuantityUnit":"KPL","comparisonPrice":19.53,"comparisonUnit":"KGM","consumerPackageSize":null,"consumerPackageUnit":null,"priceUnit":"KPL","quantityMultiplier":1,"brandName":"Mr. Panini","slug":"mr-panini-bbq-kana-pekonipanini-235-g","isAgeLimitedByAlcohol":false,"frozen":false,"packagingLabels":["Avainlippu"],"packagingLabelCodes":["MADE_IN_FINLAND_FLAG_WITH_KEY"],"hierarchyPath":[{"id":"1591691237218566","name":"Leivät, paninit ja wrapit","slug":"valmisruoka-1/valmisateriat-ja-keitot/leivat-paninit-ja-wrapit","__typename":"HierarchyPathItem"},{"id":"1591691237074396","name":"Valmisateriat ja -keitot","slug":"valmisruoka-1/valmisateriat-ja-keitot","__typename":"HierarchyPathItem"},{"id":"StructureGroup_1356670909914497","name":"Valmisruoka","slug":"valmisruoka-1","__typename":"HierarchyPathItem"}],"isGlobalFallback":null,"countryName":{"fi":"Suomi","__typename":"CountryName"}},{"id":"6405187001378","ean":"6405187001378","name":"Supernuts 200g Wasabi Maapähkinä","price":2.69,"storeId":725782447,"__typename":"Product","approxPrice":false,"basicQuantityUnit":"KPL","comparisonPrice":13.45,"comparisonUnit":"KGM","consumerPackageSize":null,"consumerPackageUnit":null,"priceUnit":"KPL","quantityMultiplier":1,"brandName":"Supernuts","slug":"supernuts-200g-wasabi-maapahkina","isAgeLimitedByAlcohol":false,"frozen":false,"packagingLabels":[],"packagingLabelCodes":[],"hierarchyPath":[{"id":"Herkku_00000305","name":"Pähkinät","slug":"kuivatuotteet-ja-leivonta-1/siemenet-pahkinat-ja-kuivatut-hedelmat/pahkinat","__typename":"HierarchyPathItem"},{"id":"Herkku_00000050","name":"Siemenet, pähkinät ja kuivatut hedelmät","slug":"kuivatuotteet-ja-leivonta-1/siemenet-pahkinat-ja-kuivatut-hedelmat","__typename":"HierarchyPathItem"},{"id":"Herkku_00000007","name":"Kuivatuotteet ja leivonta","slug":"kuivatuotteet-ja-leivonta-1","__typename":"HierarchyPathItem"}],"isGlobalFallback":null,"countryName":{"fi":"Alankomaat","__typename":"CountryName"}},{"id":"6405194100576","ean":"6405194100576","name":"Kotimaista leppäsavukala rypsiöljyssä 150 g/115 g","price":3.55,"storeId":725782447,"__typename":"Product","approxPrice":false,"basicQuantityUnit":"KPL","comparisonPrice":30.87,"comparisonUnit":"KGM","consumerPackageSize":null,"consumerPackageUnit":null,"priceUnit":"KPL","quantityMultiplier":1,"brandName":"Kotimaista","slug":"kotimaista-leppasavukala-rypsioljyssa-150-g115-g","isAgeLimitedByAlcohol":false,"frozen":false,"packagingLabels":["Hyvää Suomesta (Sininen Joutsen)"," Sydänmerkki"],"packagingLabelCodes":["FINNISH_HEART_SYMBOL"," GOODS_FROM_FINLAND_BLUE_SWAN"],"hierarchyPath":[{"id":"Herkku_00000352","name":"Kala- ja äyriäissäilykkeet","slug":"kuivatuotteet-ja-leivonta-1/sailykkeet/kala-ja-ayriaissailykkeet","__typename":"HierarchyPathItem"},{"id":"Herkku_00000063","name":"Säilykkeet","slug":"kuivatuotteet-ja-leivonta-1/sailykkeet","__typename":"HierarchyPathItem"},{"id":"Herkku_00000007","name":"Kuivatuotteet ja leivonta","slug":"kuivatuotteet-ja-leivonta-1","__typename":"HierarchyPathItem"}],"isGlobalFallback":null,"countryName":{"fi":"Suomi","__typename":"CountryName"}},{"id":"6405194100651","ean":"6405194100651","name":"Pielisen kalajaloste Arkikala öljyssä 150 g/115 g","price":2.95,"storeId":725782447,"__typename":"Product","approxPrice":false,"basicQuantityUnit":"KPL","comparisonPrice":19.67,"comparisonUnit":"KGM","consumerPackageSize":null,"consumerPackageUnit":null,"priceUnit":"KPL","quantityMultiplier":1,"brandName":"Pielisen kala","slug":"pielisen-kalajaloste-arkikala-oljyssa-150-g115-g","isAgeLimitedByAlcohol":false,"frozen":false,"packagingLabels":["Hyvää Suomesta (Sininen Joutsen)"],"packagingLabelCodes":["GOODS_FROM_FINLAND_BLUE_SWAN"],"hierarchyPath":[{"id":"Herkku_00000352","name":"Kala- ja äyriäissäilykkeet","slug":"kuivatuotteet-ja-leivonta-1/sailykkeet/kala-ja-ayriaissailykkeet","__typename":"HierarchyPathItem"},{"id":"Herkku_00000063","name":"Säilykkeet","slug":"kuivatuotteet-ja-leivonta-1/sailykkeet","__typename":"HierarchyPathItem"},{"id":"Herkku_00000007","name":"Kuivatuotteet ja leivonta","slug":"kuivatuotteet-ja-leivonta-1","__typename":"HierarchyPathItem"}],"isGlobalFallback":null,"countryName":{"fi":"Suomi","__typename":"CountryName"}},{"id":"6405244035001","ean":"6405244035001","name":"Tamminen porsaan wienerleike 300g","price":5.35,"storeId":725782447,"__typename":"Product","approxPrice":false,"basicQuantityUnit":"KPL","comparisonPrice":17.83,"comparisonUnit":"KGM","consumerPackageSize":null,"consumerPackageUnit":null,"priceUnit":"KPL","quantityMultiplier":1,"brandName":"Tamminen","slug":"tamminen-porsaan-wienerleike-300g","isAgeLimitedByAlcohol":false,"frozen":false,"packagingLabels":["Hyvää Suomesta (Sininen Joutsen)"],"packagingLabelCodes":["GOODS_FROM_FINLAND_BLUE_SWAN"],"hierarchyPath":[{"id":"Herkku_00000576","name":"Porsaan pihvit ja leikkeet","slug":"liha-ja-kasviproteiinit-1/porsas/porsaan-pihvit-ja-leikkeet","__typename":"HierarchyPathItem"},{"id":"Herkku_00000108","name":"Porsas","slug":"liha-ja-kasviproteiinit-1/porsas","__typename":"HierarchyPathItem"},{"id":"Herkku_00000014","name":"Liha ja kasviproteiinit","slug":"liha-ja-kasviproteiinit-1","__typename":"HierarchyPathItem"}],"isGlobalFallback":null,"countryName":{"fi":"Suomi","__typename":"CountryName"}},{"id":"6405278010142","ean":"6405278010142","name":"Kasvis Galleria Porkkanasose, 1 kg tyyny","price":3.89,"storeId":725782447,"__typename":"Product","approxPrice":false,"basicQuantityUnit":"KPL","comparisonPrice":3.89,"comparisonUnit":"KGM","consumerPackageSize":null,"consumerPackageUnit":null,"priceUnit":"KPL","quantityMultiplier":1,"brandName":"Kasvis Galleria","slug":"kasvis-galleria-porkkanasose-1-kg-tyyny","isAgeLimitedByAlcohol":false,"frozen":false,"packagingLabels":["Hyvää Suomesta (Sininen Joutsen)"],"packagingLabelCodes":["GOODS_FROM_FINLAND_BLUE_SWAN"],"hierarchyPath":[{"id":"1591691237300198","name":"Muu valmisruoka","slug":"valmisruoka-1/valmisateriat-ja-keitot/muu-valmisruoka","__typename":"HierarchyPathItem"},{"id":"1591691237074396","name":"Valmisateriat ja -keitot","slug":"valmisruoka-1/valmisateriat-ja-keitot","__typename":"HierarchyPathItem"},{"id":"StructureGroup_1356670909914497","name":"Valmisruoka","slug":"valmisruoka-1","__typename":"HierarchyPathItem"}],"isGlobalFallback":null,"countryName":{"fi":"Suomi","__typename":"CountryName"}},{"id":"6405278010166","ean":"6405278010166","name":"Kasvis Galleria  Lanttusose tyyny, 1kg","price":3.89,"storeId":725782447,"__typename":"Product","approxPrice":false,"basicQuantityUnit":"KPL","comparisonPrice":3.89,"comparisonUnit":"KGM","consumerPackageSize":null,"consumerPackageUnit":null,"priceUnit":"KPL","quantityMultiplier":1,"brandName":"Kasvis Galleria","slug":"kasvis-galleria-lanttusose-tyyny-1kg","isAgeLimitedByAlcohol":false,"frozen":false,"packagingLabels":["Hyvää Suomesta (Sininen Joutsen)"],"packagingLabelCodes":["GOODS_FROM_FINLAND_BLUE_SWAN"],"hierarchyPath":[{"id":"1591691237300198","name":"Muu valmisruoka","slug":"valmisruoka-1/valmisateriat-ja-keitot/muu-valmisruoka","__typename":"HierarchyPathItem"},{"id":"1591691237074396","name":"Valmisateriat ja -keitot","slug":"valmisruoka-1/valmisateriat-ja-keitot","__typename":"HierarchyPathItem"},{"id":"StructureGroup_1356670909914497","name":"Valmisruoka","slug":"valmisruoka-1","__typename":"HierarchyPathItem"}],"isGlobalFallback":null,"countryName":{"fi":"Suomi","__typename":"CountryName"}},{"id":"6405304002028","ean":"6405304002028","name":"Kokkikartano Kinkkukiusaus 700g","price":7.19,"storeId":725782447,"__typename":"Product","approxPrice":false,"basicQuantityUnit":"KPL","comparisonPrice":10.27,"comparisonUnit":"KGM","consumerPackageSize":null,"consumerPackageUnit":null,"priceUnit":"KPL","quantityMultiplier":1,"brandName":"Kokkikartano","slug":"kokkikartano-kinkkukiusaus-700g","isAgeLimitedByAlcohol":false,"frozen":false,"packagingLabels":["Hyvää Suomesta (Sininen Joutsen)"],"packagingLabelCodes":["GOODS_FROM_FINLAND_BLUE_SWAN"],"hierarchyPath":[{"id":"1591691237074405","name":"Peruna- ja kasvilisäkkeet","slug":"valmisruoka-1/laatikot-pastat-ja-lasagnet/peruna-ja-kasvilisakkeet","__typename":"HierarchyPathItem"},{"id":"1591691237074392","name":"Laatikot, pastat ja lasagnet","slug":"valmisruoka-1/laatikot-pastat-ja-lasagnet","__typename":"HierarchyPathItem"},{"id":"StructureGroup_1356670909914497","name":"Valmisruoka","slug":"valmisruoka-1","__typename":"HierarchyPathItem"}],"isGlobalFallback":null,"countryName":{"fi":"Suomi","__typename":"CountryName"}},{"id":"6405304002073","ean":"6405304002073","name":"Kokkikartano Lohikiusaus 700g","price":7.19,"storeId":725782447,"__typename":"Product","approxPrice":false,"basicQuantityUnit":"KPL","comparisonPrice":10.27,"comparisonUnit":"KGM","consumerPackageSize":null,"consumerPackageUnit":null,"priceUnit":"KPL","quantityMultiplier":1,"brandName":"Kokkikartano","slug":"kokkikartano-lohikiusaus-700g","isAgeLimitedByAlcohol":false,"frozen":false,"packagingLabels":["Hyvää Suomesta (Sininen Joutsen)"],"packagingLabelCodes":["GOODS_FROM_FINLAND_BLUE_SWAN"],"hierarchyPath":[{"id":"1591691237074405","name":"Peruna- ja kasvilisäkkeet","slug":"valmisruoka-1/laatikot-pastat-ja-lasagnet/peruna-ja-kasvilisakkeet","__typename":"HierarchyPathItem"},{"id":"1591691237074392","name":"Laatikot, pastat ja lasagnet","slug":"valmisruoka-1/laatikot-pastat-ja-lasagnet","__typename":"HierarchyPathItem"},{"id":"StructureGroup_1356670909914497","name":"Valmisruoka","slug":"valmisruoka-1","__typename":"HierarchyPathItem"}],"isGlobalFallback":null,"countryName":{"fi":"Suomi","__typename":"CountryName"}},{"id":"6405304003438","ean":"6405304003438","name":"Kokkikartano Pekonipasta 300g","price":3.99,"storeId":725782447,"__typename":"Product","approxPrice":false,"basicQuantityUnit":"KPL","comparisonPrice":13.3,"comparisonUnit":"KGM","consumerPackageSize":null,"consumerPackageUnit":null,"priceUnit":"KPL","quantityMultiplier":1,"brandName":"Kokkikartano","slug":"kokkikartano-pekonipasta-300g","isAgeLimitedByAlcohol":false,"frozen":false,"packagingLabels":[],"packagingLabelCodes":[],"hierarchyPath":[{"id":"1591691237074402","name":"Pastat ja lasagnet","slug":"valmisruoka-1/laatikot-pastat-ja-lasagnet/pastat-ja-lasagnet","__typename":"HierarchyPathItem"},{"id":"1591691237074392","name":"Laatikot, pastat ja lasagnet","slug":"valmisruoka-1/laatikot-pastat-ja-lasagnet","__typename":"HierarchyPathItem"},{"id":"StructureGroup_1356670909914497","name":"Valmisruoka","slug":"valmisruoka-1","__typename":"HierarchyPathItem"}],"isGlobalFallback":null,"countryName":{"fi":"Suomi","__typename":"CountryName"}},{"id":"6405304003445","ean":"6405304003445","name":"Kokkikartano Broilerpasta 300g","price":3.99,"storeId":725782447,"__typename":"Product","approxPrice":false,"basicQuantityUnit":"KPL","comparisonPrice":13.3,"comparisonUnit":"KGM","consumerPackageSize":null,"consumerPackageUnit":null,"priceUnit":"KPL","quantityMultiplier":1,"brandName":"Kokkikartano","slug":"kokkikartano-broilerpasta-300g","isAgeLimitedByAlcohol":false,"frozen":false,"packagingLabels":[],"packagingLabelCodes":[],"hierarchyPath":[{"id":"1591691237074402","name":"Pastat ja lasagnet","slug":"valmisruoka-1/laatikot-pastat-ja-lasagnet/pastat-ja-lasagnet","__typename":"HierarchyPathItem"},{"id":"1591691237074392","name":"Laatikot, pastat ja lasagnet","slug":"valmisruoka-1/laatikot-pastat-ja-lasagnet","__typename":"HierarchyPathItem"},{"id":"StructureGroup_1356670909914497","name":"Valmisruoka","slug":"valmisruoka-1","__typename":"HierarchyPathItem"}],"isGlobalFallback":null,"countryName":{"fi":"Suomi","__typename":"CountryName"}},{"id":"6405304003506","ean":"6405304003506","name":"Kokkikartano Täyteläinen tomaatti-vuohenjuustokeitto 300g","price":2.99,"storeId":725782447,"__typename":"Product","approxPrice":false,"basicQuantityUnit":"KPL","comparisonPrice":9.97,"comparisonUnit":"KGM","consumerPackageSize":null,"consumerPackageUnit":null,"priceUnit":"KPL","quantityMultiplier":1,"brandName":"Kokkikartano","slug":"kokkikartano-taytelainen-tomaatti-vuohenjuustokeitto-300g","isAgeLimitedByAlcohol":false,"frozen":false,"packagingLabels":[],"packagingLabelCodes":[],"hierarchyPath":[{"id":"1591691237218473","name":"Mikrokeitot","slug":"valmisruoka-1/valmisateriat-ja-keitot/mikrokeitot","__typename":"HierarchyPathItem"},{"id":"1591691237074396","name":"Valmisateriat ja -keitot","slug":"valmisruoka-1/valmisateriat-ja-keitot","__typename":"HierarchyPathItem"},{"id":"StructureGroup_1356670909914497","name":"Valmisruoka","slug":"valmisruoka-1","__typename":"HierarchyPathItem"}],"isGlobalFallback":null,"countryName":{"fi":"Suomi","__typename":"CountryName"}},{"id":"6405304003537","ean":"6405304003537","name":"Kokkikartano Täyteläinen lohikeitto 300g","price":2.99,"storeId":725782447,"__typename":"Product","approxPrice":false,"basicQuantityUnit":"KPL","comparisonPrice":9.97,"comparisonUnit":"KGM","consumerPackageSize":null,"consumerPackageUnit":null,"priceUnit":"KPL","quantityMultiplier":1,"brandName":"Kokkikartano","slug":"kokkikartano-taytelainen-lohikeitto-300g","isAgeLimitedByAlcohol":false,"frozen":false,"packagingLabels":[],"packagingLabelCodes":[],"hierarchyPath":[{"id":"1591691237218473","name":"Mikrokeitot","slug":"valmisruoka-1/valmisateriat-ja-keitot/mikrokeitot","__typename":"HierarchyPathItem"},{"id":"1591691237074396","name":"Valmisateriat ja -keitot","slug":"valmisruoka-1/valmisateriat-ja-keitot","__typename":"HierarchyPathItem"},{"id":"StructureGroup_1356670909914497","name":"Valmisruoka","slug":"valmisruoka-1","__typename":"HierarchyPathItem"}],"isGlobalFallback":null,"countryName":{"fi":"Suomi","__typename":"CountryName"}},{"id":"6405304003575","ean":"6405304003575","name":"Kokkikartano Täyteläinen pinaattikeitto 300g","price":2.99,"storeId":725782447,"__typename":"Product","approxPrice":false,"basicQuantityUnit":"KPL","comparisonPrice":9.97,"comparisonUnit":"KGM","consumerPackageSize":null,"consumerPackageUnit":null,"priceUnit":"KPL","quantityMultiplier":1,"brandName":"Kokkikartano","slug":"kokkikartano-taytelainen-pinaattikeitto-300g","isAgeLimitedByAlcohol":false,"frozen":false,"packagingLabels":["Hyvää Suomesta (Sininen Joutsen)"],"packagingLabelCodes":["GOODS_FROM_FINLAND_BLUE_SWAN"],"hierarchyPath":[{"id":"1591691237218473","name":"Mikrokeitot","slug":"valmisruoka-1/valmisateriat-ja-keitot/mikrokeitot","__typename":"HierarchyPathItem"},{"id":"1591691237074396","name":"Valmisateriat ja -keitot","slug":"valmisruoka-1/valmisateriat-ja-keitot","__typename":"HierarchyPathItem"},{"id":"StructureGroup_1356670909914497","name":"Valmisruoka","slug":"valmisruoka-1","__typename":"HierarchyPathItem"}],"isGlobalFallback":null,"countryName":{"fi":"Suomi","__typename":"CountryName"}},{"id":"6405304003711","ean":"6405304003711","name":"Kokkikartano Lohikeitto 350g","price":4.69,"storeId":725782447,"__typename":"Product","approxPrice":false,"basicQuantityUnit":"KPL","comparisonPrice":13.4,"comparisonUnit":"KGM","consumerPackageSize":null,"consumerPackageUnit":null,"priceUnit":"KPL","quantityMultiplier":1,"brandName":"Kokkikartano","slug":"kokkikartano-lohikeitto-350g","isAgeLimitedByAlcohol":false,"frozen":false,"packagingLabels":[],"packagingLabelCodes":[],"hierarchyPath":[{"id":"1591691237218449","name":"Mikroateriat","slug":"valmisruoka-1/valmisateriat-ja-keitot/mikroateriat","__typename":"HierarchyPathItem"},{"id":"1591691237074396","name":"Valmisateriat ja -keitot","slug":"valmisruoka-1/valmisateriat-ja-keitot","__typename":"HierarchyPathItem"},{"id":"StructureGroup_1356670909914497","name":"Valmisruoka","slug":"valmisruoka-1","__typename":"HierarchyPathItem"}],"isGlobalFallback":null,"countryName":{"fi":"Suomi","__typename":"CountryName"}},{"id":"6405304003841","ean":"6405304003841","name":"Kokkikartano Suklaapuuro 250g","price":2.29,"storeId":725782447,"__typename":"Product","approxPrice":false,"basicQuantityUnit":"KPL","comparisonPrice":9.16,"comparisonUnit":"KGM","consumerPackageSize":null,"consumerPackageUnit":null,"priceUnit":"KPL","quantityMultiplier":1,"brandName":"Kokkikartano","slug":"kokkikartano-suklaapuuro-250g","isAgeLimitedByAlcohol":false,"frozen":false,"packagingLabels":["Hyvää Suomesta (Sininen Joutsen)"],"packagingLabelCodes":["GOODS_FROM_FINLAND_BLUE_SWAN"],"hierarchyPath":[{"id":"1591691237218609","name":"Puurot ja vellit","slug":"valmisruoka-1/puurot-ja-kiisselit/puurot-ja-vellit","__typename":"HierarchyPathItem"},{"id":"1591691237074397","name":"Puurot ja kiisselit","slug":"valmisruoka-1/puurot-ja-kiisselit","__typename":"HierarchyPathItem"},{"id":"StructureGroup_1356670909914497","name":"Valmisruoka","slug":"valmisruoka-1","__typename":"HierarchyPathItem"}],"isGlobalFallback":null,"countryName":{"fi":"Suomi","__typename":"CountryName"}},{"id":"6405346000174","ean":"6405346000174","name":"Riitan Herkku  Räiskäleet 360g","price":2.69,"storeId":725782447,"__typename":"Product","approxPrice":false,"basicQuantityUnit":"KPL","comparisonPrice":7.47,"comparisonUnit":"KGM","consumerPackageSize":null,"consumerPackageUnit":null,"priceUnit":"KPL","quantityMultiplier":1,"brandName":"Riitan Herkku","slug":"riitan-herkku-raiskaleet-360g","isAgeLimitedByAlcohol":false,"frozen":false,"packagingLabels":["Hyvää Suomesta (Sininen Joutsen)"," Kierrätysmerkki"],"packagingLabelCodes":["GOODS_FROM_FINLAND_BLUE_SWAN"," RECYCLABLE_GENERAL_CLAIM"],"hierarchyPath":[{"id":"1591691237074409","name":"Ohukaiset","slug":"valmisruoka-1/pyorykat-pihvit-ja-ohukaiset/ohukaiset","__typename":"HierarchyPathItem"},{"id":"1591691237074393","name":"Pyörykät, pihvit ja ohukaiset","slug":"valmisruoka-1/pyorykat-pihvit-ja-ohukaiset","__typename":"HierarchyPathItem"},{"id":"StructureGroup_1356670909914497","name":"Valmisruoka","slug":"valmisruoka-1","__typename":"HierarchyPathItem"}],"isGlobalFallback":null,"countryName":{"fi":"Suomi","__typename":"CountryName"}},{"id":"6405346000822","ean":"6405346000822","name":"Riitan Herkku Senttipizza Super 280g","price":3.49,"storeId":725782447,"__typename":"Product","approxPrice":false,"basicQuantityUnit":"KPL","comparisonPrice":12.46,"comparisonUnit":"KGM","consumerPackageSize":null,"consumerPackageUnit":null,"priceUnit":"KPL","quantityMultiplier":1,"brandName":"Riitan Herkku","slug":"riitan-herkku-senttipizza-super-280g","isAgeLimitedByAlcohol":false,"frozen":false,"packagingLabels":["Avainlippu"],"packagingLabelCodes":["MADE_IN_FINLAND_FLAG_WITH_KEY"],"hierarchyPath":[{"id":"1591691237074426","name":"Pizzat","slug":"valmisruoka-1/valmisateriat-ja-keitot/pizzat","__typename":"HierarchyPathItem"},{"id":"1591691237074396","name":"Valmisateriat ja -keitot","slug":"valmisruoka-1/valmisateriat-ja-keitot","__typename":"HierarchyPathItem"},{"id":"StructureGroup_1356670909914497","name":"Valmisruoka","slug":"valmisruoka-1","__typename":"HierarchyPathItem"}],"isGlobalFallback":null,"countryName":{"fi":"Suomi","__typename":"CountryName"}},{"id":"6405366001960","ean":"6405366001960","name":"Pita Factory Pitaleipä 320 g - 4 kpl","price":2.69,"storeId":725782447,"__typename":"Product","approxPrice":false,"basicQuantityUnit":"KPL","comparisonPrice":8.41,"comparisonUnit":"KGM","consumerPackageSize":null,"consumerPackageUnit":null,"priceUnit":"KPL","quantityMultiplier":1,"brandName":"Pita Factory","slug":"pita-factory-pitaleipa-320-g-4-kpl","isAgeLimitedByAlcohol":false,"frozen":false,"packagingLabels":["Hyvää Suomesta (Sininen Joutsen)"],"packagingLabelCodes":["GOODS_FROM_FINLAND_BLUE_SWAN"],"hierarchyPath":[{"id":"1591691250986226","name":"Erikoisleivät","slug":"leivat-keksit-ja-leivonnaiset-1/leivat/erikoisleivat","__typename":"HierarchyPathItem"},{"id":"StructureGroup_1796559627347513","name":"Leivät","slug":"leivat-keksit-ja-leivonnaiset-1/leivat","__typename":"HierarchyPathItem"},{"id":"Herkku_00000008","name":"Leivät, keksit ja leivonnaiset","slug":"leivat-keksit-ja-leivonnaiset-1","__typename":"HierarchyPathItem"}],"isGlobalFallback":null,"countryName":{"fi":"Suomi","__typename":"CountryName"}},{"id":"6405366003513","ean":"6405366003513","name":"Helsingin Döner Pitakebab 195 g","price":2.79,"storeId":725782447,"__typename":"Product","approxPrice":false,"basicQuantityUnit":"KPL","comparisonPrice":14.31,"comparisonUnit":"KGM","consumerPackageSize":null,"consumerPackageUnit":null,"priceUnit":"KPL","quantityMultiplier":1,"brandName":"Helsingin Makkaratehdas","slug":"helsingin-doner-pitakebab-195-g","isAgeLimitedByAlcohol":false,"frozen":false,"packagingLabels":[],"packagingLabelCodes":[],"hierarchyPath":[{"id":"1591691237300198","name":"Muu valmisruoka","slug":"valmisruoka-1/valmisateriat-ja-keitot/muu-valmisruoka","__typename":"HierarchyPathItem"},{"id":"1591691237074396","name":"Valmisateriat ja -keitot","slug":"valmisruoka-1/valmisateriat-ja-keitot","__typename":"HierarchyPathItem"},{"id":"StructureGroup_1356670909914497","name":"Valmisruoka","slug":"valmisruoka-1","__typename":"HierarchyPathItem"}],"isGlobalFallback":null,"countryName":{"fi":"Suomi","__typename":"CountryName"}},{"id":"6405412362946","ean":"6405412362946","name":"Makula Savulohisalaatti 300 g","price":5.59,"storeId":725782447,"__typename":"Product","approxPrice":false,"basicQuantityUnit":"KPL","comparisonPrice":18.63,"comparisonUnit":"KGM","consumerPackageSize":null,"consumerPackageUnit":null,"priceUnit":"KPL","quantityMultiplier":1,"brandName":"Makula","slug":"makula-savulohisalaatti-300-g","isAgeLimitedByAlcohol":false,"frozen":false,"packagingLabels":[],"packagingLabelCodes":[],"hierarchyPath":[{"id":"1591691237218097","name":"Salaattiateriat","slug":"valmisruoka-1/valmisateriat-ja-keitot/salaattiateriat","__typename":"HierarchyPathItem"},{"id":"1591691237074396","name":"Valmisateriat ja -keitot","slug":"valmisruoka-1/valmisateriat-ja-keitot","__typename":"HierarchyPathItem"},{"id":"StructureGroup_1356670909914497","name":"Valmisruoka","slug":"valmisruoka-1","__typename":"HierarchyPathItem"}],"isGlobalFallback":null,"countryName":{"fi":"Suomi","__typename":"CountryName"}},{"id":"6405834004011","ean":"6405834004011","name":"Savuhovi Pitkään Kypsynyt Aito Saunapalvikinkku 180g","price":3.49,"storeId":725782447,"__typename":"Product","approxPrice":false,"basicQuantityUnit":"KPL","comparisonPrice":19.39,"comparisonUnit":"KGM","consumerPackageSize":null,"consumerPackageUnit":null,"priceUnit":"KPL","quantityMultiplier":1,"brandName":"Savuhovi","slug":"savuhovi-pitkaan-kypsynyt-aito-saunapalvikinkku-180g","isAgeLimitedByAlcohol":false,"frozen":false,"packagingLabels":[],"packagingLabelCodes":[],"hierarchyPath":[{"id":"1591691245926570","name":"Kokolihaleikkeet","slug":"liha-ja-kasviproteiinit-1/kinkut-ja-leikkeleet/kokolihaleikkeet","__typename":"HierarchyPathItem"},{"id":"Herkku_00000156","name":"Kinkut ja leikkeleet","slug":"liha-ja-kasviproteiinit-1/kinkut-ja-leikkeleet","__typename":"HierarchyPathItem"},{"id":"Herkku_00000014","name":"Liha ja kasviproteiinit","slug":"liha-ja-kasviproteiinit-1","__typename":"HierarchyPathItem"}],"isGlobalFallback":null,"countryName":{"fi":"Saksa","__typename":"CountryName"}},{"id":"6405877010000","ean":"6405877010000","name":"Saimaan Tuore Kirjolohifilee 170g","price":4.98,"storeId":725782447,"__typename":"Product","approxPrice":false,"basicQuantityUnit":"KPL","comparisonPrice":29.29,"comparisonUnit":"KGM","consumerPackageSize":null,"consumerPackageUnit":null,"priceUnit":"KPL","quantityMultiplier":1,"brandName":"Saimaan Tuore","slug":"saimaan-tuore-kirjolohifilee-170g","isAgeLimitedByAlcohol":false,"frozen":false,"packagingLabels":[],"packagingLabelCodes":[],"hierarchyPath":[{"id":"StructureGroup_198285811030","name":"Tuore kala","slug":"kala-ja-merenelavat-1/kala/tuore-kala","__typename":"HierarchyPathItem"},{"id":"StructureGroup_198285810979","name":"Kala","slug":"kala-ja-merenelavat-1/kala","__typename":"HierarchyPathItem"},{"id":"Herkku_00000004","name":"Kala ja merenelävät","slug":"kala-ja-merenelavat-1","__typename":"HierarchyPathItem"}],"isGlobalFallback":null,"countryName":{"fi":"Suomi","__typename":"CountryName"}},{"id":"6405904001001","ean":"6405904001001","name":"Aito Suolakalat 100g","price":1.45,"storeId":725782447,"__typename":"Product","approxPrice":false,"basicQuantityUnit":"KPL","comparisonPrice":14.5,"comparisonUnit":"KGM","consumerPackageSize":null,"consumerPackageUnit":null,"priceUnit":"KPL","quantityMultiplier":1,"brandName":"AITO","slug":"aito-suolakalat-100g","isAgeLimitedByAlcohol":false,"frozen":false,"packagingLabels":[],"packagingLabelCodes":[],"hierarchyPath":[{"id":"Herkku_00000351","name":"Leivotut snacksit","slug":"makeiset-ja-naposteltavat-1/sipsit-ja-muut-naposteltavat/leivotut-snacksit","__typename":"HierarchyPathItem"},{"id":"Herkku_00000062","name":"Sipsit ja muut naposteltavat","slug":"makeiset-ja-naposteltavat-1/sipsit-ja-muut-naposteltavat","__typename":"HierarchyPathItem"},{"id":"Herkku_00000009","name":"Makeiset ja naposteltavat","slug":"makeiset-ja-naposteltavat-1","__typename":"HierarchyPathItem"}],"isGlobalFallback":null,"countryName":{"fi":"Latvia","__typename":"CountryName"}},{"id":"6406091510000","ean":"6406091510000","name":"Rönkä Meri-Lapin Karitsa jauheliha 400g pakaste","price":8.05,"storeId":725782447,"__typename":"Product","approxPrice":false,"basicQuantityUnit":"KPL","comparisonPrice":20.13,"comparisonUnit":"KGM","consumerPackageSize":null,"consumerPackageUnit":null,"priceUnit":"KPL","quantityMultiplier":1,"brandName":"Rönkä","slug":"ronka-meri-lapin-karitsa-jauheliha-400g-pakaste","isAgeLimitedByAlcohol":false,"frozen":true,"packagingLabels":["Hyvää Suomesta (Sininen Joutsen)"],"packagingLabelCodes":["GOODS_FROM_FINLAND_BLUE_SWAN"],"hierarchyPath":[{"id":"Herkku_00000552","name":"Liha ja riista","slug":"pakasteet-1/liha-ja-kalapakasteet/liha-ja-riista","__typename":"HierarchyPathItem"},{"id":"Herkku_00000131","name":"Liha- ja kalapakasteet","slug":"pakasteet-1/liha-ja-kalapakasteet","__typename":"HierarchyPathItem"},{"id":"Herkku_00000013","name":"Pakasteet","slug":"pakasteet-1","__typename":"HierarchyPathItem"}],"isGlobalFallback":null,"countryName":{"fi":"Suomi","__typename":"CountryName"}},{"id":"6406093990008","ean":"6406093990008","name":"Rönkä Naudan veri pakaste 0,5 l","price":5.75,"storeId":725782447,"__typename":"Product","approxPrice":false,"basicQuantityUnit":"KPL","comparisonPrice":11.5,"comparisonUnit":"KGM","consumerPackageSize":null,"consumerPackageUnit":null,"priceUnit":"KPL","quantityMultiplier":1,"brandName":"Rönkä","slug":"ronka-naudan-veri-pakaste-0-5-l","isAgeLimitedByAlcohol":false,"frozen":true,"packagingLabels":["Hyvää Suomesta (Sininen Joutsen)"],"packagingLabelCodes":["GOODS_FROM_FINLAND_BLUE_SWAN"],"hierarchyPath":[{"id":"Herkku_00000552","name":"Liha ja riista","slug":"pakasteet-1/liha-ja-kalapakasteet/liha-ja-riista","__typename":"HierarchyPathItem"},{"id":"Herkku_00000131","name":"Liha- ja kalapakasteet","slug":"pakasteet-1/liha-ja-kalapakasteet","__typename":"HierarchyPathItem"},{"id":"Herkku_00000013","name":"Pakasteet","slug":"pakasteet-1","__typename":"HierarchyPathItem"}],"isGlobalFallback":null,"countryName":{"fi":"Suomi","__typename":"CountryName"}},{"id":"6406280000039","ean":"6406280000039","name":"Auringonhattu-uute 50 ml","price":3.69,"storeId":725782447,"__typename":"Product","approxPrice":false,"basicQuantityUnit":"KPL","comparisonPrice":73.8,"comparisonUnit":"LTR","consumerPackageSize":null,"consumerPackageUnit":null,"priceUnit":"KPL","quantityMultiplier":1,"brandName":"Echina Power","slug":"auringonhattu-uute-50-ml","isAgeLimitedByAlcohol":false,"frozen":false,"packagingLabels":[],"packagingLabelCodes":[],"hierarchyPath":[{"id":"Herkku_00001032","name":"Vastustuskykyvalmisteet","slug":"luontaistuotteet-ja-lisaravinteet-1/erityisvalmisteet/vastustuskykyvalmisteet","__typename":"HierarchyPathItem"},{"id":"Herkku_00000175","name":"Erityisvalmisteet","slug":"luontaistuotteet-ja-lisaravinteet-1/erityisvalmisteet","__typename":"HierarchyPathItem"},{"id":"Herkku_00000016","name":"Luontaistuotteet ja lisäravinteet","slug":"luontaistuotteet-ja-lisaravinteet-1","__typename":"HierarchyPathItem"}],"isGlobalFallback":null,"countryName":{"fi":"Suomi","__typename":"CountryName"}},{"id":"6406300000261","ean":"6406300000261","name":"Kivikylän Huiluntuhti  400 g / 4 kpl grillimakkara","price":4.19,"storeId":725782447,"__typename":"Product","approxPrice":false,"basicQuantityUnit":"KPL","comparisonPrice":10.48,"comparisonUnit":"KGM","consumerPackageSize":null,"consumerPackageUnit":null,"priceUnit":"KPL","quantityMultiplier":1,"brandName":"Kivikylän","slug":"kivikylan-huiluntuhti-400-g-4-kpl-grillimakkara","isAgeLimitedByAlcohol":false,"frozen":false,"packagingLabels":["Hyvää Suomesta (Sininen Joutsen)"],"packagingLabelCodes":["GOODS_FROM_FINLAND_BLUE_SWAN"],"hierarchyPath":[{"id":"1591691245533163","name":"Grillimakkarat","slug":"liha-ja-kasviproteiinit-1/makkarat-nakit-ja-pekonit/grillimakkarat","__typename":"HierarchyPathItem"},{"id":"1591691245533161","name":"Makkarat, nakit ja pekonit","slug":"liha-ja-kasviproteiinit-1/makkarat-nakit-ja-pekonit","__typename":"HierarchyPathItem"},{"id":"Herkku_00000014","name":"Liha ja kasviproteiinit","slug":"liha-ja-kasviproteiinit-1","__typename":"HierarchyPathItem"}],"isGlobalFallback":null,"countryName":{"fi":"Suomi","__typename":"CountryName"}},{"id":"6406300000414","ean":"6406300000414","name":"Kivikylän Wanhanajan nakki 380 g","price":4.95,"storeId":725782447,"__typename":"Product","approxPrice":false,"basicQuantityUnit":"KPL","comparisonPrice":13.03,"comparisonUnit":"KGM","consumerPackageSize":null,"consumerPackageUnit":null,"priceUnit":"KPL","quantityMultiplier":1,"brandName":"Kivikylän","slug":"kivikylan-wanhanajan-nakki-380-g","isAgeLimitedByAlcohol":false,"frozen":false,"packagingLabels":["Hyvää Suomesta (Sininen Joutsen)"],"packagingLabelCodes":["GOODS_FROM_FINLAND_BLUE_SWAN"],"hierarchyPath":[{"id":"1591691245533167","name":"Nakit","slug":"liha-ja-kasviproteiinit-1/makkarat-nakit-ja-pekonit/nakit","__typename":"HierarchyPathItem"},{"id":"1591691245533161","name":"Makkarat, nakit ja pekonit","slug":"liha-ja-kasviproteiinit-1/makkarat-nakit-ja-pekonit","__typename":"HierarchyPathItem"},{"id":"Herkku_00000014","name":"Liha ja kasviproteiinit","slug":"liha-ja-kasviproteiinit-1","__typename":"HierarchyPathItem"}],"isGlobalFallback":null,"countryName":{"fi":"Suomi","__typename":"CountryName"}},{"id":"6406300009608","ean":"6406300009608","name":"Kivikylän Palvarin Lihapyörykkä 350g","price":3.29,"storeId":725782447,"__typename":"Product","approxPrice":false,"basicQuantityUnit":"KPL","comparisonPrice":9.4,"comparisonUnit":"KGM","consumerPackageSize":null,"consumerPackageUnit":null,"priceUnit":"KPL","quantityMultiplier":1,"brandName":"Kivikylän","slug":"kivikylan-palvarin-lihapyorykka-350g","isAgeLimitedByAlcohol":false,"frozen":false,"packagingLabels":["Hyvää Suomesta (Sininen Joutsen)"],"packagingLabelCodes":["GOODS_FROM_FINLAND_BLUE_SWAN"],"hierarchyPath":[{"id":"1591691237074406","name":"Pyörykät","slug":"valmisruoka-1/pyorykat-pihvit-ja-ohukaiset/pyorykat","__typename":"HierarchyPathItem"},{"id":"1591691237074393","name":"Pyörykät, pihvit ja ohukaiset","slug":"valmisruoka-1/pyorykat-pihvit-ja-ohukaiset","__typename":"HierarchyPathItem"},{"id":"StructureGroup_1356670909914497","name":"Valmisruoka","slug":"valmisruoka-1","__typename":"HierarchyPathItem"}],"isGlobalFallback":null,"countryName":{"fi":"Suomi","__typename":"CountryName"}},{"id":"6406300009769","ean":"6406300009769","name":"Kivikylän Palvarin Lindströminpihvi 380g","price":3.59,"storeId":725782447,"__typename":"Product","approxPrice":false,"basicQuantityUnit":"KPL","comparisonPrice":9.45,"comparisonUnit":"KGM","consumerPackageSize":null,"consumerPackageUnit":null,"priceUnit":"KPL","quantityMultiplier":1,"brandName":"Kivikylän","slug":"kivikylan-palvarin-lindstrominpihvi-380g","isAgeLimitedByAlcohol":false,"frozen":false,"packagingLabels":["Hyvää Suomesta (Sininen Joutsen)"],"packagingLabelCodes":["GOODS_FROM_FINLAND_BLUE_SWAN"],"hierarchyPath":[{"id":"1591691237074407","name":"Pihvit","slug":"valmisruoka-1/pyorykat-pihvit-ja-ohukaiset/pihvit","__typename":"HierarchyPathItem"},{"id":"1591691237074393","name":"Pyörykät, pihvit ja ohukaiset","slug":"valmisruoka-1/pyorykat-pihvit-ja-ohukaiset","__typename":"HierarchyPathItem"},{"id":"StructureGroup_1356670909914497","name":"Valmisruoka","slug":"valmisruoka-1","__typename":"HierarchyPathItem"}],"isGlobalFallback":null,"countryName":{"fi":"Suomi","__typename":"CountryName"}},{"id":"6406300016002","ean":"6406300016002","name":"Kivikylän Porsaan kasslerpihvi mar. 400 g","price":4.7,"storeId":725782447,"__typename":"Product","approxPrice":false,"basicQuantityUnit":"KPL","comparisonPrice":11.75,"comparisonUnit":"KGM","consumerPackageSize":null,"consumerPackageUnit":null,"priceUnit":"KPL","quantityMultiplier":1,"brandName":"Kivikylän","slug":"kivikylan-porsaan-kasslerpihvi-mar-400-g","isAgeLimitedByAlcohol":false,"frozen":false,"packagingLabels":["Hyvää Suomesta (Sininen Joutsen)"],"packagingLabelCodes":["GOODS_FROM_FINLAND_BLUE_SWAN"],"hierarchyPath":[{"id":"Herkku_00000576","name":"Porsaan pihvit ja leikkeet","slug":"liha-ja-kasviproteiinit-1/porsas/porsaan-pihvit-ja-leikkeet","__typename":"HierarchyPathItem"},{"id":"Herkku_00000108","name":"Porsas","slug":"liha-ja-kasviproteiinit-1/porsas","__typename":"HierarchyPathItem"},{"id":"Herkku_00000014","name":"Liha ja kasviproteiinit","slug":"liha-ja-kasviproteiinit-1","__typename":"HierarchyPathItem"}],"isGlobalFallback":null,"countryName":{"fi":"Suomi","__typename":"CountryName"}},{"id":"6406300019119","ean":"6406300019119","name":"Kivikylän Palvarin Hernekeitto 435g","price":2.05,"storeId":725782447,"__typename":"Product","approxPrice":false,"basicQuantityUnit":"KPL","comparisonPrice":4.71,"comparisonUnit":"KGM","consumerPackageSize":null,"consumerPackageUnit":null,"priceUnit":"KPL","quantityMultiplier":1,"brandName":"Kivikylän","slug":"kivikylan-palvarin-hernekeitto-435g","isAgeLimitedByAlcohol":false,"frozen":false,"packagingLabels":[],"packagingLabelCodes":[],"hierarchyPath":[{"id":"Herkku_00000474","name":"Valmiit keitot","slug":"kuivatuotteet-ja-leivonta-1/ateria-ainekset/valmiit-keitot","__typename":"HierarchyPathItem"},{"id":"Herkku_00000087","name":"Ateria-ainekset","slug":"kuivatuotteet-ja-leivonta-1/ateria-ainekset","__typename":"HierarchyPathItem"},{"id":"Herkku_00000007","name":"Kuivatuotteet ja leivonta","slug":"kuivatuotteet-ja-leivonta-1","__typename":"HierarchyPathItem"}],"isGlobalFallback":null,"countryName":{"fi":"Suomi","__typename":"CountryName"}},{"id":"6406510091196","ean":"6406510091196","name":"Fresh Hetki Suosikkisalaatti Kana-Taco 250g","price":4.09,"storeId":725782447,"__typename":"Product","approxPrice":false,"basicQuantityUnit":"KPL","comparisonPrice":16.36,"comparisonUnit":"KGM","consumerPackageSize":null,"consumerPackageUnit":null,"priceUnit":"KPL","quantityMultiplier":1,"brandName":"Fresh","slug":"fresh-hetki-suosikkisalaatti-kana-taco-250g","isAgeLimitedByAlcohol":false,"frozen":false,"packagingLabels":["Avainlippu"],"packagingLabelCodes":["MADE_IN_FINLAND_FLAG_WITH_KEY"],"hierarchyPath":[{"id":"1591691237218097","name":"Salaattiateriat","slug":"valmisruoka-1/valmisateriat-ja-keitot/salaattiateriat","__typename":"HierarchyPathItem"},{"id":"1591691237074396","name":"Valmisateriat ja -keitot","slug":"valmisruoka-1/valmisateriat-ja-keitot","__typename":"HierarchyPathItem"},{"id":"StructureGroup_1356670909914497","name":"Valmisruoka","slug":"valmisruoka-1","__typename":"HierarchyPathItem"}],"isGlobalFallback":null,"countryName":{"fi":"Suomi","__typename":"CountryName"}},{"id":"6406510091530","ean":"6406510091530","name":"Fresh Hetki Suosikkisalaatti Kreikkalainen 300g","price":4.09,"storeId":725782447,"__typename":"Product","approxPrice":false,"basicQuantityUnit":"KPL","comparisonPrice":13.63,"comparisonUnit":"KGM","consumerPackageSize":null,"consumerPackageUnit":null,"priceUnit":"KPL","quantityMultiplier":1,"brandName":"Fresh","slug":"fresh-hetki-suosikkisalaatti-kreikkalainen-300g","isAgeLimitedByAlcohol":false,"frozen":false,"packagingLabels":["Avainlippu"],"packagingLabelCodes":["MADE_IN_FINLAND_FLAG_WITH_KEY"],"hierarchyPath":[{"id":"1591691237218097","name":"Salaattiateriat","slug":"valmisruoka-1/valmisateriat-ja-keitot/salaattiateriat","__typename":"HierarchyPathItem"},{"id":"1591691237074396","name":"Valmisateriat ja -keitot","slug":"valmisruoka-1/valmisateriat-ja-keitot","__typename":"HierarchyPathItem"},{"id":"StructureGroup_1356670909914497","name":"Valmisruoka","slug":"valmisruoka-1","__typename":"HierarchyPathItem"}],"isGlobalFallback":null,"countryName":{"fi":"Suomi","__typename":"CountryName"}},{"id":"6406510091622","ean":"6406510091622","name":"Fresh Hetki Suosikkisalaatti Kana 300 g","price":4.09,"storeId":725782447,"__typename":"Product","approxPrice":false,"basicQuantityUnit":"KPL","comparisonPrice":13.63,"comparisonUnit":"KGM","consumerPackageSize":null,"consumerPackageUnit":null,"priceUnit":"KPL","quantityMultiplier":1,"brandName":"Fresh","slug":"fresh-hetki-suosikkisalaatti-kana-300-g","isAgeLimitedByAlcohol":false,"frozen":false,"packagingLabels":["Avainlippu"],"packagingLabelCodes":["MADE_IN_FINLAND_FLAG_WITH_KEY"],"hierarchyPath":[{"id":"1591691237218097","name":"Salaattiateriat","slug":"valmisruoka-1/valmisateriat-ja-keitot/salaattiateriat","__typename":"HierarchyPathItem"},{"id":"1591691237074396","name":"Valmisateriat ja -keitot","slug":"valmisruoka-1/valmisateriat-ja-keitot","__typename":"HierarchyPathItem"},{"id":"StructureGroup_1356670909914497","name":"Valmisruoka","slug":"valmisruoka-1","__typename":"HierarchyPathItem"}],"isGlobalFallback":null,"countryName":{"fi":"Suomi","__typename":"CountryName"}},{"id":"6406510092667","ean":"6406510092667","name":"Fresh Hetki Suosikkisalaatti Tonnikala-Pasta 315g","price":4.09,"storeId":725782447,"__typename":"Product","approxPrice":false,"basicQuantityUnit":"KPL","comparisonPrice":12.98,"comparisonUnit":"KGM","consumerPackageSize":null,"consumerPackageUnit":null,"priceUnit":"KPL","quantityMultiplier":1,"brandName":"Fresh","slug":"fresh-hetki-suosikkisalaatti-tonnikala-pasta-315g","isAgeLimitedByAlcohol":false,"frozen":false,"packagingLabels":["Avainlippu"],"packagingLabelCodes":["MADE_IN_FINLAND_FLAG_WITH_KEY"],"hierarchyPath":[{"id":"1591691237218097","name":"Salaattiateriat","slug":"valmisruoka-1/valmisateriat-ja-keitot/salaattiateriat","__typename":"HierarchyPathItem"},{"id":"1591691237074396","name":"Valmisateriat ja -keitot","slug":"valmisruoka-1/valmisateriat-ja-keitot","__typename":"HierarchyPathItem"},{"id":"StructureGroup_1356670909914497","name":"Valmisruoka","slug":"valmisruoka-1","__typename":"HierarchyPathItem"}],"isGlobalFallback":null,"countryName":{"fi":"Suomi","__typename":"CountryName"}},{"id":"6406510094104","ean":"6406510094104","name":"Fresh Hetki Lounassalaatti Mozzarella-pasta 260g","price":4.29,"storeId":725782447,"__typename":"Product","approxPrice":false,"basicQuantityUnit":"KPL","comparisonPrice":16.5,"comparisonUnit":"KGM","consumerPackageSize":null,"consumerPackageUnit":null,"priceUnit":"KPL","quantityMultiplier":1,"brandName":"Fresh","slug":"fresh-hetki-lounassalaatti-mozzarella-pasta-260g","isAgeLimitedByAlcohol":false,"frozen":false,"packagingLabels":["Avainlippu"],"packagingLabelCodes":["MADE_IN_FINLAND_FLAG_WITH_KEY"],"hierarchyPath":[{"id":"1591691237218097","name":"Salaattiateriat","slug":"valmisruoka-1/valmisateriat-ja-keitot/salaattiateriat","__typename":"HierarchyPathItem"},{"id":"1591691237074396","name":"Valmisateriat ja -keitot","slug":"valmisruoka-1/valmisateriat-ja-keitot","__typename":"HierarchyPathItem"},{"id":"StructureGroup_1356670909914497","name":"Valmisruoka","slug":"valmisruoka-1","__typename":"HierarchyPathItem"}],"isGlobalFallback":null,"countryName":{"fi":"Suomi","__typename":"CountryName"}},{"id":"6406510094852","ean":"6406510094852","name":"Fresh Hetki Suosikkisalaatti Mozzarella 230g","price":4.09,"storeId":725782447,"__typename":"Product","approxPrice":false,"basicQuantityUnit":"KPL","comparisonPrice":17.78,"comparisonUnit":"KGM","consumerPackageSize":null,"consumerPackageUnit":null,"priceUnit":"KPL","quantityMultiplier":1,"brandName":"Fresh","slug":"fresh-hetki-suosikkisalaatti-mozzarella-230g","isAgeLimitedByAlcohol":false,"frozen":false,"packagingLabels":["Avainlippu"],"packagingLabelCodes":["MADE_IN_FINLAND_FLAG_WITH_KEY"],"hierarchyPath":[{"id":"1591691237218097","name":"Salaattiateriat","slug":"valmisruoka-1/valmisateriat-ja-keitot/salaattiateriat","__typename":"HierarchyPathItem"},{"id":"1591691237074396","name":"Valmisateriat ja -keitot","slug":"valmisruoka-1/valmisateriat-ja-keitot","__typename":"HierarchyPathItem"},{"id":"StructureGroup_1356670909914497","name":"Valmisruoka","slug":"valmisruoka-1","__typename":"HierarchyPathItem"}],"isGlobalFallback":null,"countryName":{"fi":"Suomi","__typename":"CountryName"}},{"id":"6406510096474","ean":"6406510096474","name":"Fresh Hetki Suosikkisalaatti Kana-caesar 230 g","price":4.09,"storeId":725782447,"__typename":"Product","approxPrice":false,"basicQuantityUnit":"KPL","comparisonPrice":17.78,"comparisonUnit":"KGM","consumerPackageSize":null,"consumerPackageUnit":null,"priceUnit":"KPL","quantityMultiplier":1,"brandName":"Fresh","slug":"fresh-hetki-suosikkisalaatti-kana-caesar-230-g","isAgeLimitedByAlcohol":false,"frozen":false,"packagingLabels":["Avainlippu"],"packagingLabelCodes":["MADE_IN_FINLAND_FLAG_WITH_KEY"],"hierarchyPath":[{"id":"1591691237218097","name":"Salaattiateriat","slug":"valmisruoka-1/valmisateriat-ja-keitot/salaattiateriat","__typename":"HierarchyPathItem"},{"id":"1591691237074396","name":"Valmisateriat ja -keitot","slug":"valmisruoka-1/valmisateriat-ja-keitot","__typename":"HierarchyPathItem"},{"id":"StructureGroup_1356670909914497","name":"Valmisruoka","slug":"valmisruoka-1","__typename":"HierarchyPathItem"}],"isGlobalFallback":null,"countryName":{"fi":"Suomi","__typename":"CountryName"}},{"id":"6406510945369","ean":"6406510945369","name":"Fresh Hetki Focaccia mozzarella-tomaatti 175 g","price":3.99,"storeId":725782447,"__typename":"Product","approxPrice":false,"basicQuantityUnit":"KPL","comparisonPrice":22.8,"comparisonUnit":"KGM","consumerPackageSize":null,"consumerPackageUnit":null,"priceUnit":"KPL","quantityMultiplier":1,"brandName":"Fresh","slug":"fresh-hetki-focaccia-mozzarella-tomaatti-175-g","isAgeLimitedByAlcohol":false,"frozen":false,"packagingLabels":["Avainlippu"],"packagingLabelCodes":["MADE_IN_FINLAND_FLAG_WITH_KEY"],"hierarchyPath":[{"id":"1591691237218566","name":"Leivät, paninit ja wrapit","slug":"valmisruoka-1/valmisateriat-ja-keitot/leivat-paninit-ja-wrapit","__typename":"HierarchyPathItem"},{"id":"1591691237074396","name":"Valmisateriat ja -keitot","slug":"valmisruoka-1/valmisateriat-ja-keitot","__typename":"HierarchyPathItem"},{"id":"StructureGroup_1356670909914497","name":"Valmisruoka","slug":"valmisruoka-1","__typename":"HierarchyPathItem"}],"isGlobalFallback":null,"countryName":{"fi":"Suomi","__typename":"CountryName"}},{"id":"6406600109541","ean":"6406600109541","name":"Hyvä Apaja Kirjolohipyörykät 300g","price":3.45,"storeId":725782447,"__typename":"Product","approxPrice":false,"basicQuantityUnit":"KPL","comparisonPrice":11.5,"comparisonUnit":"KGM","consumerPackageSize":null,"consumerPackageUnit":null,"priceUnit":"KPL","quantityMultiplier":1,"brandName":"Hyvä Apaja","slug":"hyva-apaja-kirjolohipyorykat-300g","isAgeLimitedByAlcohol":false,"frozen":false,"packagingLabels":[],"packagingLabelCodes":[],"hierarchyPath":[{"id":"StructureGroup_675581891538311","name":"Muut kalatuotteet","slug":"kala-ja-merenelavat-1/muut-kalatuotteet/muut-kalatuotteet","__typename":"HierarchyPathItem"},{"id":"Herkku_00000044","name":"Muut kalatuotteet","slug":"kala-ja-merenelavat-1/muut-kalatuotteet","__typename":"HierarchyPathItem"},{"id":"Herkku_00000004","name":"Kala ja merenelävät","slug":"kala-ja-merenelavat-1","__typename":"HierarchyPathItem"}],"isGlobalFallback":null,"countryName":{"fi":"Suomi","__typename":"CountryName"}},{"id":"6406970005672","ean":"6406970005672","name":"Vataja Pulled pork pita 175g","price":3.49,"storeId":725782447,"__typename":"Product","approxPrice":false,"basicQuantityUnit":"KPL","comparisonPrice":19.94,"comparisonUnit":"KGM","consumerPackageSize":null,"consumerPackageUnit":null,"priceUnit":"KPL","quantityMultiplier":1,"brandName":"Vataja","slug":"vataja-pulled-pork-pita-175g","isAgeLimitedByAlcohol":false,"frozen":false,"packagingLabels":[],"packagingLabelCodes":[],"hierarchyPath":[{"id":"1591691237300198","name":"Muu valmisruoka","slug":"valmisruoka-1/valmisateriat-ja-keitot/muu-valmisruoka","__typename":"HierarchyPathItem"},{"id":"1591691237074396","name":"Valmisateriat ja -keitot","slug":"valmisruoka-1/valmisateriat-ja-keitot","__typename":"HierarchyPathItem"},{"id":"StructureGroup_1356670909914497","name":"Valmisruoka","slug":"valmisruoka-1","__typename":"HierarchyPathItem"}],"isGlobalFallback":null,"countryName":{"fi":"Suomi","__typename":"CountryName"}},{"id":"6407069061715","ean":"6407069061715","name":"Delitalo Punajuuripihvit ja maukasta bulguria 380g","price":6.95,"storeId":725782447,"__typename":"Product","approxPrice":false,"basicQuantityUnit":"KPL","comparisonPrice":18.29,"comparisonUnit":"PCE","consumerPackageSize":null,"consumerPackageUnit":null,"priceUnit":"KPL","quantityMultiplier":1,"brandName":"Ruokatori","slug":"delitalo-punajuuripihvit-ja-maukasta-bulguria-380g","isAgeLimitedByAlcohol":false,"frozen":false,"packagingLabels":[],"packagingLabelCodes":[],"hierarchyPath":[{"id":"1591691237218449","name":"Mikroateriat","slug":"valmisruoka-1/valmisateriat-ja-keitot/mikroateriat","__typename":"HierarchyPathItem"},{"id":"1591691237074396","name":"Valmisateriat ja -keitot","slug":"valmisruoka-1/valmisateriat-ja-keitot","__typename":"HierarchyPathItem"},{"id":"StructureGroup_1356670909914497","name":"Valmisruoka","slug":"valmisruoka-1","__typename":"HierarchyPathItem"}],"isGlobalFallback":null,"countryName":{"fi":"Suomi","__typename":"CountryName"}},{"id":"6407069061746","ean":"6407069061746","name":"Delitalo Pannupihvi perinteisellä perunamuusilla 420g","price":7.95,"storeId":725782447,"__typename":"Product","approxPrice":false,"basicQuantityUnit":"KPL","comparisonPrice":19.88,"comparisonUnit":"PCE","consumerPackageSize":null,"consumerPackageUnit":null,"priceUnit":"KPL","quantityMultiplier":1,"brandName":"Ruokatori","slug":"delitalo-pannupihvi-perinteisella-perunamuusilla-420g","isAgeLimitedByAlcohol":false,"frozen":false,"packagingLabels":[],"packagingLabelCodes":[],"hierarchyPath":[{"id":"1591691237218449","name":"Mikroateriat","slug":"valmisruoka-1/valmisateriat-ja-keitot/mikroateriat","__typename":"HierarchyPathItem"},{"id":"1591691237074396","name":"Valmisateriat ja -keitot","slug":"valmisruoka-1/valmisateriat-ja-keitot","__typename":"HierarchyPathItem"},{"id":"StructureGroup_1356670909914497","name":"Valmisruoka","slug":"valmisruoka-1","__typename":"HierarchyPathItem"}],"isGlobalFallback":null,"countryName":{"fi":"Suomi","__typename":"CountryName"}},{"id":"6407069062057","ean":"6407069062057","name":"Delitalo Parmesan-broileria ja yrttiriisiä 385g","price":7.35,"storeId":725782447,"__typename":"Product","approxPrice":false,"basicQuantityUnit":"KPL","comparisonPrice":19.09,"comparisonUnit":"KGM","consumerPackageSize":null,"consumerPackageUnit":null,"priceUnit":"KPL","quantityMultiplier":1,"brandName":"Ruokatori","slug":"delitalo-parmesan-broileria-ja-yrttiriisia-385g","isAgeLimitedByAlcohol":false,"frozen":false,"packagingLabels":[],"packagingLabelCodes":[],"hierarchyPath":[{"id":"1591691237218449","name":"Mikroateriat","slug":"valmisruoka-1/valmisateriat-ja-keitot/mikroateriat","__typename":"HierarchyPathItem"},{"id":"1591691237074396","name":"Valmisateriat ja -keitot","slug":"valmisruoka-1/valmisateriat-ja-keitot","__typename":"HierarchyPathItem"},{"id":"StructureGroup_1356670909914497","name":"Valmisruoka","slug":"valmisruoka-1","__typename":"HierarchyPathItem"}],"isGlobalFallback":null,"countryName":{"fi":"Suomi","__typename":"CountryName"}},{"id":"6407069062217","ean":"6407069062217","name":"Delitalo Kanaa mango-chilikastikkeessa ja basmatiriisiä 360g","price":7.35,"storeId":725782447,"__typename":"Product","approxPrice":false,"basicQuantityUnit":"KPL","comparisonPrice":20.42,"comparisonUnit":"KGM","consumerPackageSize":null,"consumerPackageUnit":null,"priceUnit":"KPL","quantityMultiplier":1,"brandName":"Delitalo","slug":"delitalo-kanaa-mango-chilikastikkeessa-ja-basmatiriisia-360g","isAgeLimitedByAlcohol":false,"frozen":false,"packagingLabels":[],"packagingLabelCodes":[],"hierarchyPath":[{"id":"1591691237218449","name":"Mikroateriat","slug":"valmisruoka-1/valmisateriat-ja-keitot/mikroateriat","__typename":"HierarchyPathItem"},{"id":"1591691237074396","name":"Valmisateriat ja -keitot","slug":"valmisruoka-1/valmisateriat-ja-keitot","__typename":"HierarchyPathItem"},{"id":"StructureGroup_1356670909914497","name":"Valmisruoka","slug":"valmisruoka-1","__typename":"HierarchyPathItem"}],"isGlobalFallback":null,"countryName":{"fi":"Suomi","__typename":"CountryName"}},{"id":"6407790499207","ean":"6407790499207","name":"Trube Aleksanterinleivos 2 kpl/140 g muroleivos vadelmatäytteellä ja pomadakuorrutteella","price":4.15,"storeId":725782447,"__typename":"Product","approxPrice":false,"basicQuantityUnit":"KPL","comparisonPrice":29.64,"comparisonUnit":"KGM","consumerPackageSize":null,"consumerPackageUnit":null,"priceUnit":"KPL","quantityMultiplier":1,"brandName":"Trube","slug":"trube-aleksanterinleivos-2-kpl140-g-muroleivos-vadelmataytteella-ja-pomadakuorrutteella","isAgeLimitedByAlcohol":false,"frozen":false,"packagingLabels":["Avainlippu"],"packagingLabelCodes":["MADE_IN_FINLAND_FLAG_WITH_KEY"],"hierarchyPath":[{"id":"Herkku_00000961","name":"Leivokset","slug":"leivat-keksit-ja-leivonnaiset-1/leivonnaiset/leivokset","__typename":"HierarchyPathItem"},{"id":"Herkku_00000152","name":"Leivonnaiset","slug":"leivat-keksit-ja-leivonnaiset-1/leivonnaiset","__typename":"HierarchyPathItem"},{"id":"Herkku_00000008","name":"Leivät, keksit ja leivonnaiset","slug":"leivat-keksit-ja-leivonnaiset-1","__typename":"HierarchyPathItem"}],"isGlobalFallback":null,"countryName":{"fi":"Suomi","__typename":"CountryName"}},{"id":"6407800012389","ean":"6407800012389","name":"Atria Murea Savuinen Possuleikkele 180g","price":3.59,"storeId":725782447,"__typename":"Product","approxPrice":false,"basicQuantityUnit":"KPL","comparisonPrice":19.94,"comparisonUnit":"KGM","consumerPackageSize":null,"consumerPackageUnit":null,"priceUnit":"KPL","quantityMultiplier":1,"brandName":"Atria","slug":"atria-murea-savuinen-possuleikkele-180g","isAgeLimitedByAlcohol":false,"frozen":false,"packagingLabels":["Hyvää Suomesta (Sininen Joutsen)"],"packagingLabelCodes":["GOODS_FROM_FINLAND_BLUE_SWAN"],"hierarchyPath":[{"id":"1591691245926570","name":"Kokolihaleikkeet","slug":"liha-ja-kasviproteiinit-1/kinkut-ja-leikkeleet/kokolihaleikkeet","__typename":"HierarchyPathItem"},{"id":"Herkku_00000156","name":"Kinkut ja leikkeleet","slug":"liha-ja-kasviproteiinit-1/kinkut-ja-leikkeleet","__typename":"HierarchyPathItem"},{"id":"Herkku_00000014","name":"Liha ja kasviproteiinit","slug":"liha-ja-kasviproteiinit-1","__typename":"HierarchyPathItem"}],"isGlobalFallback":null,"countryName":{"fi":"Suomi","__typename":"CountryName"}},{"id":"6407800012563","ean":"6407800012563","name":"Atria Kokonainen Broileri Pakaste 1500g","price":12.35,"storeId":725782447,"__typename":"Product","approxPrice":false,"basicQuantityUnit":"KPL","comparisonPrice":8.23,"comparisonUnit":"KGM","consumerPackageSize":null,"consumerPackageUnit":null,"priceUnit":"KPL","quantityMultiplier":1,"brandName":"Atria","slug":"atria-kokonainen-broileri-pakaste-1500g","isAgeLimitedByAlcohol":false,"frozen":true,"packagingLabels":["Hyvää Suomesta (Sininen Joutsen)"],"packagingLabelCodes":["GOODS_FROM_FINLAND_BLUE_SWAN"],"hierarchyPath":[{"id":"Herkku_00000551","name":"Kana, kalkkuna ja muu siipikarja","slug":"pakasteet-1/liha-ja-kalapakasteet/kana-kalkkuna-ja-muu-siipikarja","__typename":"HierarchyPathItem"},{"id":"Herkku_00000131","name":"Liha- ja kalapakasteet","slug":"pakasteet-1/liha-ja-kalapakasteet","__typename":"HierarchyPathItem"},{"id":"Herkku_00000013","name":"Pakasteet","slug":"pakasteet-1","__typename":"HierarchyPathItem"}],"isGlobalFallback":null,"countryName":{"fi":"Suomi","__typename":"CountryName"}},{"id":"6407800012938","ean":"6407800012938","name":"Atria Kunnon Arki Vegaaninen Hernebolognesepasta 300g","price":2.59,"storeId":725782447,"__typename":"Product","approxPrice":false,"basicQuantityUnit":"KPL","comparisonPrice":8.63,"comparisonUnit":"KGM","consumerPackageSize":null,"consumerPackageUnit":null,"priceUnit":"KPL","quantityMultiplier":1,"brandName":"Atria Kunnon arki","slug":"atria-kunnon-arki-vegaaninen-hernebolognesepasta-300g","isAgeLimitedByAlcohol":false,"frozen":false,"packagingLabels":[],"packagingLabelCodes":[],"hierarchyPath":[{"id":"1591691237218449","name":"Mikroateriat","slug":"valmisruoka-1/valmisateriat-ja-keitot/mikroateriat","__typename":"HierarchyPathItem"},{"id":"1591691237074396","name":"Valmisateriat ja -keitot","slug":"valmisruoka-1/valmisateriat-ja-keitot","__typename":"HierarchyPathItem"},{"id":"StructureGroup_1356670909914497","name":"Valmisruoka","slug":"valmisruoka-1","__typename":"HierarchyPathItem"}],"isGlobalFallback":null,"countryName":{"fi":"Suomi","__typename":"CountryName"}},{"id":"6407800014499","ean":"6407800014499","name":"Atria Kanan Minuuttifilee Merisuola 250g","price":4.65,"storeId":725782447,"__typename":"Product","approxPrice":false,"basicQuantityUnit":"KPL","comparisonPrice":18.6,"comparisonUnit":"KGM","consumerPackageSize":null,"consumerPackageUnit":null,"priceUnit":"KPL","quantityMultiplier":1,"brandName":"Atria","slug":"atria-kanan-minuuttifilee-merisuola-250g","isAgeLimitedByAlcohol":false,"frozen":false,"packagingLabels":["Hyvää Suomesta (Sininen Joutsen)"," Sydänmerkki"],"packagingLabelCodes":["FINNISH_HEART_SYMBOL"," GOODS_FROM_FINLAND_BLUE_SWAN"],"hierarchyPath":[{"id":"1591691242477860","name":"Kanan pihvit, leikkeleet ja puolivalmisteet","slug":"liha-ja-kasviproteiinit-1/kana-broileri-ja-kalkkuna/kanan-pihvit-leikkeleet-ja-puolivalmisteet","__typename":"HierarchyPathItem"},{"id":"1591691242477859","name":"Kana, broileri ja kalkkuna","slug":"liha-ja-kasviproteiinit-1/kana-broileri-ja-kalkkuna","__typename":"HierarchyPathItem"},{"id":"Herkku_00000014","name":"Liha ja kasviproteiinit","slug":"liha-ja-kasviproteiinit-1","__typename":"HierarchyPathItem"}],"isGlobalFallback":null,"countryName":{"fi":"Suomi","__typename":"CountryName"}},{"id":"6407810010160","ean":"6407810010160","name":"Atria Kanan Sisäfilee Pintamaustettu 600g","price":9.49,"storeId":725782447,"__typename":"Product","approxPrice":false,"basicQuantityUnit":"KPL","comparisonPrice":15.82,"comparisonUnit":"KGM","consumerPackageSize":null,"consumerPackageUnit":null,"priceUnit":"KPL","quantityMultiplier":1,"brandName":"Atria","slug":"atria-kanan-sisafilee-pintamaustettu-600g","isAgeLimitedByAlcohol":false,"frozen":false,"packagingLabels":["Hyvää Suomesta (Sininen Joutsen)"],"packagingLabelCodes":["GOODS_FROM_FINLAND_BLUE_SWAN"],"hierarchyPath":[{"id":"1591691242477860","name":"Kanan pihvit, leikkeleet ja puolivalmisteet","slug":"liha-ja-kasviproteiinit-1/kana-broileri-ja-kalkkuna/kanan-pihvit-leikkeleet-ja-puolivalmisteet","__typename":"HierarchyPathItem"},{"id":"1591691242477859","name":"Kana, broileri ja kalkkuna","slug":"liha-ja-kasviproteiinit-1/kana-broileri-ja-kalkkuna","__typename":"HierarchyPathItem"},{"id":"Herkku_00000014","name":"Liha ja kasviproteiinit","slug":"liha-ja-kasviproteiinit-1","__typename":"HierarchyPathItem"}],"isGlobalFallback":null,"countryName":{"fi":"Suomi","__typename":"CountryName"}},{"id":"6407810016094","ean":"6407810016094","name":"Atria Kanan Hornet Tulisesti Marinoitu Siipi 900g","price":4.75,"storeId":725782447,"__typename":"Product","approxPrice":false,"basicQuantityUnit":"KPL","comparisonPrice":5.28,"comparisonUnit":"KGM","consumerPackageSize":null,"consumerPackageUnit":null,"priceUnit":"KPL","quantityMultiplier":1,"brandName":"Atria","slug":"atria-kanan-hornet-tulisesti-marinoitu-siipi-900g","isAgeLimitedByAlcohol":false,"frozen":false,"packagingLabels":["Hyvää Suomesta (Sininen Joutsen)"],"packagingLabelCodes":["GOODS_FROM_FINLAND_BLUE_SWAN"],"hierarchyPath":[{"id":"1591691242477865","name":"Kanan siivet, koipi- ja reisipalat","slug":"liha-ja-kasviproteiinit-1/kana-broileri-ja-kalkkuna/kanan-siivet-koipi-ja-reisipalat","__typename":"HierarchyPathItem"},{"id":"1591691242477859","name":"Kana, broileri ja kalkkuna","slug":"liha-ja-kasviproteiinit-1/kana-broileri-ja-kalkkuna","__typename":"HierarchyPathItem"},{"id":"Herkku_00000014","name":"Liha ja kasviproteiinit","slug":"liha-ja-kasviproteiinit-1","__typename":"HierarchyPathItem"}],"isGlobalFallback":null,"countryName":{"fi":"Suomi","__typename":"CountryName"}},{"id":"6407810017947","ean":"6407810017947","name":"Atria Ohuen Ohut Kalkkunaleike 200g","price":4.15,"storeId":725782447,"__typename":"Product","approxPrice":false,"basicQuantityUnit":"KPL","comparisonPrice":20.75,"comparisonUnit":"KGM","consumerPackageSize":null,"consumerPackageUnit":null,"priceUnit":"KPL","quantityMultiplier":1,"brandName":"Atria","slug":"atria-ohuen-ohut-kalkkunaleike-200g","isAgeLimitedByAlcohol":false,"frozen":false,"packagingLabels":["Hyvää Suomesta (Sininen Joutsen)"," Sydänmerkki"],"packagingLabelCodes":["FINNISH_HEART_SYMBOL"," GOODS_FROM_FINLAND_BLUE_SWAN"],"hierarchyPath":[{"id":"1591691245926570","name":"Kokolihaleikkeet","slug":"liha-ja-kasviproteiinit-1/kinkut-ja-leikkeleet/kokolihaleikkeet","__typename":"HierarchyPathItem"},{"id":"Herkku_00000156","name":"Kinkut ja leikkeleet","slug":"liha-ja-kasviproteiinit-1/kinkut-ja-leikkeleet","__typename":"HierarchyPathItem"},{"id":"Herkku_00000014","name":"Liha ja kasviproteiinit","slug":"liha-ja-kasviproteiinit-1","__typename":"HierarchyPathItem"}],"isGlobalFallback":null,"countryName":{"fi":"Suomi","__typename":"CountryName"}},{"id":"6407810018623","ean":"6407810018623","name":"Atria Kalkkunajoulurulla 1kg","price":16.9,"storeId":725782447,"__typename":"Product","approxPrice":false,"basicQuantityUnit":"KPL","comparisonPrice":16.9,"comparisonUnit":"KGM","consumerPackageSize":null,"consumerPackageUnit":null,"priceUnit":"KPL","quantityMultiplier":1,"brandName":"Atria","slug":"atria-kalkkunajoulurulla-1kg","isAgeLimitedByAlcohol":false,"frozen":false,"packagingLabels":["Hyvää Suomesta (Sininen Joutsen)"],"packagingLabelCodes":["GOODS_FROM_FINLAND_BLUE_SWAN"],"hierarchyPath":[{"id":"1591691245926574","name":"Kinkkusuikaleet ja lihapalat","slug":"liha-ja-kasviproteiinit-1/kinkut-ja-leikkeleet/kinkkusuikaleet-ja-lihapalat","__typename":"HierarchyPathItem"},{"id":"Herkku_00000156","name":"Kinkut ja leikkeleet","slug":"liha-ja-kasviproteiinit-1/kinkut-ja-leikkeleet","__typename":"HierarchyPathItem"},{"id":"Herkku_00000014","name":"Liha ja kasviproteiinit","slug":"liha-ja-kasviproteiinit-1","__typename":"HierarchyPathItem"}],"isGlobalFallback":null,"countryName":{"fi":"Suomi","__typename":"CountryName"}},{"id":"6407810018760","ean":"6407810018760","name":"Atria Kalkkunaleike 250g","price":4.35,"storeId":725782447,"__typename":"Product","approxPrice":false,"basicQuantityUnit":"KPL","comparisonPrice":17.4,"comparisonUnit":"KGM","consumerPackageSize":null,"consumerPackageUnit":null,"priceUnit":"KPL","quantityMultiplier":1,"brandName":"Atria","slug":"atria-kalkkunaleike-250g","isAgeLimitedByAlcohol":false,"frozen":false,"packagingLabels":["Hyvää Suomesta (Sininen Joutsen)"," Sydänmerkki"],"packagingLabelCodes":["FINNISH_HEART_SYMBOL"," GOODS_FROM_FINLAND_BLUE_SWAN"],"hierarchyPath":[{"id":"1591691245926570","name":"Kokolihaleikkeet","slug":"liha-ja-kasviproteiinit-1/kinkut-ja-leikkeleet/kokolihaleikkeet","__typename":"HierarchyPathItem"},{"id":"Herkku_00000156","name":"Kinkut ja leikkeleet","slug":"liha-ja-kasviproteiinit-1/kinkut-ja-leikkeleet","__typename":"HierarchyPathItem"},{"id":"Herkku_00000014","name":"Liha ja kasviproteiinit","slug":"liha-ja-kasviproteiinit-1","__typename":"HierarchyPathItem"}],"isGlobalFallback":null,"countryName":{"fi":"Suomi","__typename":"CountryName"}},{"id":"6407830032562","ean":"6407830032562","name":"Atria Perinteinen Karjalanpaisti 700g","price":9.29,"storeId":725782447,"__typename":"Product","approxPrice":false,"basicQuantityUnit":"KPL","comparisonPrice":13.27,"comparisonUnit":"KGM","consumerPackageSize":null,"consumerPackageUnit":null,"priceUnit":"KPL","quantityMultiplier":1,"brandName":"Atria","slug":"atria-perinteinen-karjalanpaisti-700g","isAgeLimitedByAlcohol":false,"frozen":false,"packagingLabels":["Hyvää Suomesta (Sininen Joutsen)"],"packagingLabelCodes":["GOODS_FROM_FINLAND_BLUE_SWAN"],"hierarchyPath":[{"id":"Herkku_00000593","name":"Karjalanpaisti","slug":"liha-ja-kasviproteiinit-1/nauta/karjalanpaisti","__typename":"HierarchyPathItem"},{"id":"Herkku_00000111","name":"Nauta","slug":"liha-ja-kasviproteiinit-1/nauta","__typename":"HierarchyPathItem"},{"id":"Herkku_00000014","name":"Liha ja kasviproteiinit","slug":"liha-ja-kasviproteiinit-1","__typename":"HierarchyPathItem"}],"isGlobalFallback":null,"countryName":{"fi":"Suomi","__typename":"CountryName"}},{"id":"6407830032586","ean":"6407830032586","name":"Atria Kevyt Jauheliha 9,5% 400g","price":5.65,"storeId":725782447,"__typename":"Product","approxPrice":false,"basicQuantityUnit":"KPL","comparisonPrice":14.13,"comparisonUnit":"KGM","consumerPackageSize":null,"consumerPackageUnit":null,"priceUnit":"KPL","quantityMultiplier":1,"brandName":"Atria","slug":"atria-kevyt-jauheliha-9-5-400g","isAgeLimitedByAlcohol":false,"frozen":false,"packagingLabels":["Hyvää Suomesta (Sininen Joutsen)"],"packagingLabelCodes":["GOODS_FROM_FINLAND_BLUE_SWAN"],"hierarchyPath":[{"id":"Herkku_00000580","name":"Muut jauhelihat","slug":"liha-ja-kasviproteiinit-1/jauheliha/muut-jauhelihat","__typename":"HierarchyPathItem"},{"id":"Herkku_00000109","name":"Jauheliha","slug":"liha-ja-kasviproteiinit-1/jauheliha","__typename":"HierarchyPathItem"},{"id":"Herkku_00000014","name":"Liha ja kasviproteiinit","slug":"liha-ja-kasviproteiinit-1","__typename":"HierarchyPathItem"}],"isGlobalFallback":null,"countryName":{"fi":"Suomi","__typename":"CountryName"}},{"id":"6407830037734","ean":"6407830037734","name":"Jyväbroiler Broilerin Filee Rosmariini-karpalo 390g","price":7.45,"storeId":725782447,"__typename":"Product","approxPrice":false,"basicQuantityUnit":"KPL","comparisonPrice":19.1,"comparisonUnit":"KGM","consumerPackageSize":null,"consumerPackageUnit":null,"priceUnit":"KPL","quantityMultiplier":1,"brandName":"Jyväbroiler","slug":"jyvabroiler-broilerin-filee-rosmariini-karpalo-390g","isAgeLimitedByAlcohol":false,"frozen":false,"packagingLabels":["Hyvää Suomesta (Sininen Joutsen)"],"packagingLabelCodes":["GOODS_FROM_FINLAND_BLUE_SWAN"],"hierarchyPath":[{"id":"1591691242477860","name":"Kanan pihvit, leikkeleet ja puolivalmisteet","slug":"liha-ja-kasviproteiinit-1/kana-broileri-ja-kalkkuna/kanan-pihvit-leikkeleet-ja-puolivalmisteet","__typename":"HierarchyPathItem"},{"id":"1591691242477859","name":"Kana, broileri ja kalkkuna","slug":"liha-ja-kasviproteiinit-1/kana-broileri-ja-kalkkuna","__typename":"HierarchyPathItem"},{"id":"Herkku_00000014","name":"Liha ja kasviproteiinit","slug":"liha-ja-kasviproteiinit-1","__typename":"HierarchyPathItem"}],"isGlobalFallback":null,"countryName":{"fi":"Suomi","__typename":"CountryName"}},{"id":"6407830038137","ean":"6407830038137","name":"Jyväbroiler Broilerin Filee Persilja-Valkosipuli 390g","price":7.45,"storeId":725782447,"__typename":"Product","approxPrice":false,"basicQuantityUnit":"KPL","comparisonPrice":19.1,"comparisonUnit":"KGM","consumerPackageSize":null,"consumerPackageUnit":null,"priceUnit":"KPL","quantityMultiplier":1,"brandName":"Jyväbroiler","slug":"jyvabroiler-broilerin-filee-persilja-valkosipuli-390g","isAgeLimitedByAlcohol":false,"frozen":false,"packagingLabels":["Hyvää Suomesta (Sininen Joutsen)"," Sydänmerkki"],"packagingLabelCodes":["FINNISH_HEART_SYMBOL"," GOODS_FROM_FINLAND_BLUE_SWAN"],"hierarchyPath":[{"id":"1591691242477860","name":"Kanan pihvit, leikkeleet ja puolivalmisteet","slug":"liha-ja-kasviproteiinit-1/kana-broileri-ja-kalkkuna/kanan-pihvit-leikkeleet-ja-puolivalmisteet","__typename":"HierarchyPathItem"},{"id":"1591691242477859","name":"Kana, broileri ja kalkkuna","slug":"liha-ja-kasviproteiinit-1/kana-broileri-ja-kalkkuna","__typename":"HierarchyPathItem"},{"id":"Herkku_00000014","name":"Liha ja kasviproteiinit","slug":"liha-ja-kasviproteiinit-1","__typename":"HierarchyPathItem"}],"isGlobalFallback":null,"countryName":{"fi":"Suomi","__typename":"CountryName"}},{"id":"6407830038496","ean":"6407830038496","name":"Jyväbroiler Iso Suikale Broilerin Fileestä Naturelli 330g","price":6.49,"storeId":725782447,"__typename":"Product","approxPrice":false,"basicQuantityUnit":"KPL","comparisonPrice":19.67,"comparisonUnit":"KGM","consumerPackageSize":null,"consumerPackageUnit":null,"priceUnit":"KPL","quantityMultiplier":1,"brandName":"Jyväbroiler","slug":"jyvabroiler-iso-suikale-broilerin-fileesta-naturelli-330g","isAgeLimitedByAlcohol":false,"frozen":false,"packagingLabels":["Hyvää Suomesta (Sininen Joutsen)"," Sydänmerkki"],"packagingLabelCodes":["FINNISH_HEART_SYMBOL"," GOODS_FROM_FINLAND_BLUE_SWAN"],"hierarchyPath":[{"id":"1591691242477864","name":"Kanan suikaleet ja kuutiot","slug":"liha-ja-kasviproteiinit-1/kana-broileri-ja-kalkkuna/kanan-suikaleet-ja-kuutiot","__typename":"HierarchyPathItem"},{"id":"1591691242477859","name":"Kana, broileri ja kalkkuna","slug":"liha-ja-kasviproteiinit-1/kana-broileri-ja-kalkkuna","__typename":"HierarchyPathItem"},{"id":"Herkku_00000014","name":"Liha ja kasviproteiinit","slug":"liha-ja-kasviproteiinit-1","__typename":"HierarchyPathItem"}],"isGlobalFallback":null,"countryName":{"fi":"Suomi","__typename":"CountryName"}},{"id":"6407840041172","ean":"6407840041172","name":"Atria Parempi Nauta Jauheliha 10% 400g","price":6.49,"storeId":725782447,"__typename":"Product","approxPrice":false,"basicQuantityUnit":"KPL","comparisonPrice":16.22,"comparisonUnit":"KGM","consumerPackageSize":null,"consumerPackageUnit":null,"priceUnit":"KPL","quantityMultiplier":1,"brandName":"Atria","slug":"atria-parempi-nauta-jauheliha-10-400g","isAgeLimitedByAlcohol":false,"frozen":false,"packagingLabels":["Hyvää Suomesta (Sininen Joutsen)"],"packagingLabelCodes":["GOODS_FROM_FINLAND_BLUE_SWAN"],"hierarchyPath":[{"id":"Herkku_00000579","name":"Naudan jauheliha","slug":"liha-ja-kasviproteiinit-1/jauheliha/naudan-jauheliha","__typename":"HierarchyPathItem"},{"id":"Herkku_00000109","name":"Jauheliha","slug":"liha-ja-kasviproteiinit-1/jauheliha","__typename":"HierarchyPathItem"},{"id":"Herkku_00000014","name":"Liha ja kasviproteiinit","slug":"liha-ja-kasviproteiinit-1","__typename":"HierarchyPathItem"}],"isGlobalFallback":null,"countryName":{"fi":"Suomi","__typename":"CountryName"}},{"id":"6407840043435","ean":"6407840043435","name":"Atria Nauta Jauheliha 15% 400g","price":5.95,"storeId":725782447,"__typename":"Product","approxPrice":false,"basicQuantityUnit":"KPL","comparisonPrice":14.88,"comparisonUnit":"KGM","consumerPackageSize":null,"consumerPackageUnit":null,"priceUnit":"KPL","quantityMultiplier":1,"brandName":"Atria","slug":"atria-nauta-jauheliha-15-400g","isAgeLimitedByAlcohol":false,"frozen":false,"packagingLabels":["Hyvää Suomesta (Sininen Joutsen)"],"packagingLabelCodes":["GOODS_FROM_FINLAND_BLUE_SWAN"],"hierarchyPath":[{"id":"Herkku_00000579","name":"Naudan jauheliha","slug":"liha-ja-kasviproteiinit-1/jauheliha/naudan-jauheliha","__typename":"HierarchyPathItem"},{"id":"Herkku_00000109","name":"Jauheliha","slug":"liha-ja-kasviproteiinit-1/jauheliha","__typename":"HierarchyPathItem"},{"id":"Herkku_00000014","name":"Liha ja kasviproteiinit","slug":"liha-ja-kasviproteiinit-1","__typename":"HierarchyPathItem"}],"isGlobalFallback":null,"countryName":{"fi":"Suomi","__typename":"CountryName"}},{"id":"6407850052434","ean":"6407850052434","name":"Atria Italiansalaatti 400g","price":2.25,"storeId":725782447,"__typename":"Product","approxPrice":false,"basicQuantityUnit":"KPL","comparisonPrice":5.63,"comparisonUnit":"KGM","consumerPackageSize":null,"consumerPackageUnit":null,"priceUnit":"KPL","quantityMultiplier":1,"brandName":"Atria","slug":"atria-italiansalaatti-400g","isAgeLimitedByAlcohol":false,"frozen":false,"packagingLabels":[],"packagingLabelCodes":[],"hierarchyPath":[{"id":"1591691237218603","name":"Lisäkesalaatit ja tuorepasta","slug":"valmisruoka-1/lisakesalaatit-ja-tuorepasta","__typename":"HierarchyPathItem"},{"id":"StructureGroup_1356670909914497","name":"Valmisruoka","slug":"valmisruoka-1","__typename":"HierarchyPathItem"}],"isGlobalFallback":null,"countryName":{"fi":"Suomi","__typename":"CountryName"}},{"id":"6407850056647","ean":"6407850056647","name":"Atria Veriohukainen 400g","price":2.49,"storeId":725782447,"__typename":"Product","approxPrice":false,"basicQuantityUnit":"KPL","comparisonPrice":6.23,"comparisonUnit":"KGM","consumerPackageSize":null,"consumerPackageUnit":null,"priceUnit":"KPL","quantityMultiplier":1,"brandName":"Atria","slug":"atria-veriohukainen-400g","isAgeLimitedByAlcohol":false,"frozen":false,"packagingLabels":["Hyvää Suomesta (Sininen Joutsen)"],"packagingLabelCodes":["GOODS_FROM_FINLAND_BLUE_SWAN"],"hierarchyPath":[{"id":"1591691237074409","name":"Ohukaiset","slug":"valmisruoka-1/pyorykat-pihvit-ja-ohukaiset/ohukaiset","__typename":"HierarchyPathItem"},{"id":"1591691237074393","name":"Pyörykät, pihvit ja ohukaiset","slug":"valmisruoka-1/pyorykat-pihvit-ja-ohukaiset","__typename":"HierarchyPathItem"},{"id":"StructureGroup_1356670909914497","name":"Valmisruoka","slug":"valmisruoka-1","__typename":"HierarchyPathItem"}],"isGlobalFallback":null,"countryName":{"fi":"Suomi","__typename":"CountryName"}},{"id":"6407850056654","ean":"6407850056654","name":"Atria Pinaattiohukainen 400g","price":2.49,"storeId":725782447,"__typename":"Product","approxPrice":false,"basicQuantityUnit":"KPL","comparisonPrice":6.23,"comparisonUnit":"KGM","consumerPackageSize":null,"consumerPackageUnit":null,"priceUnit":"KPL","quantityMultiplier":1,"brandName":"Atria","slug":"atria-pinaattiohukainen-400g","isAgeLimitedByAlcohol":false,"frozen":false,"packagingLabels":["Hyvää Suomesta (Sininen Joutsen)"],"packagingLabelCodes":["GOODS_FROM_FINLAND_BLUE_SWAN"],"hierarchyPath":[{"id":"1591691237074409","name":"Ohukaiset","slug":"valmisruoka-1/pyorykat-pihvit-ja-ohukaiset/ohukaiset","__typename":"HierarchyPathItem"},{"id":"1591691237074393","name":"Pyörykät, pihvit ja ohukaiset","slug":"valmisruoka-1/pyorykat-pihvit-ja-ohukaiset","__typename":"HierarchyPathItem"},{"id":"StructureGroup_1356670909914497","name":"Valmisruoka","slug":"valmisruoka-1","__typename":"HierarchyPathItem"}],"isGlobalFallback":null,"countryName":{"fi":"Suomi","__typename":"CountryName"}},{"id":"6407850059136","ean":"6407850059136","name":"Atria Kunnon Arki Lihamakaronilaatikko 400g","price":2.09,"storeId":725782447,"__typename":"Product","approxPrice":false,"basicQuantityUnit":"KPL","comparisonPrice":5.23,"comparisonUnit":"KGM","consumerPackageSize":null,"consumerPackageUnit":null,"priceUnit":"KPL","quantityMultiplier":1,"brandName":"Atria","slug":"atria-kunnon-arki-lihamakaronilaatikko-400g","isAgeLimitedByAlcohol":false,"frozen":false,"packagingLabels":[],"packagingLabelCodes":[],"hierarchyPath":[{"id":"1591691237074403","name":"Laatikot","slug":"valmisruoka-1/laatikot-pastat-ja-lasagnet/laatikot","__typename":"HierarchyPathItem"},{"id":"1591691237074392","name":"Laatikot, pastat ja lasagnet","slug":"valmisruoka-1/laatikot-pastat-ja-lasagnet","__typename":"HierarchyPathItem"},{"id":"StructureGroup_1356670909914497","name":"Valmisruoka","slug":"valmisruoka-1","__typename":"HierarchyPathItem"}],"isGlobalFallback":null,"countryName":{"fi":"Suomi","__typename":"CountryName"}},{"id":"6407860060146","ean":"6407860060146","name":"Atria Kunnon Arki Lihapullat ja Muusi 300g","price":2.59,"storeId":725782447,"__typename":"Product","approxPrice":false,"basicQuantityUnit":"KPL","comparisonPrice":8.63,"comparisonUnit":"KGM","consumerPackageSize":null,"consumerPackageUnit":null,"priceUnit":"KPL","quantityMultiplier":1,"brandName":"Atria","slug":"atria-kunnon-arki-lihapullat-ja-muusi-300g","isAgeLimitedByAlcohol":false,"frozen":false,"packagingLabels":["Hyvää Suomesta (Sininen Joutsen)"],"packagingLabelCodes":["GOODS_FROM_FINLAND_BLUE_SWAN"],"hierarchyPath":[{"id":"1591691237218449","name":"Mikroateriat","slug":"valmisruoka-1/valmisateriat-ja-keitot/mikroateriat","__typename":"HierarchyPathItem"},{"id":"1591691237074396","name":"Valmisateriat ja -keitot","slug":"valmisruoka-1/valmisateriat-ja-keitot","__typename":"HierarchyPathItem"},{"id":"StructureGroup_1356670909914497","name":"Valmisruoka","slug":"valmisruoka-1","__typename":"HierarchyPathItem"}],"isGlobalFallback":null,"countryName":{"fi":"Suomi","__typename":"CountryName"}},{"id":"6407860060184","ean":"6407860060184","name":"Atria Kunnon Arki Nakkikastike Muusilla 300g","price":2.59,"storeId":725782447,"__typename":"Product","approxPrice":false,"basicQuantityUnit":"KPL","comparisonPrice":8.63,"comparisonUnit":"KGM","consumerPackageSize":null,"consumerPackageUnit":null,"priceUnit":"KPL","quantityMultiplier":1,"brandName":"Atria","slug":"atria-kunnon-arki-nakkikastike-muusilla-300g","isAgeLimitedByAlcohol":false,"frozen":false,"packagingLabels":["Hyvää Suomesta (Sininen Joutsen)"],"packagingLabelCodes":["GOODS_FROM_FINLAND_BLUE_SWAN"],"hierarchyPath":[{"id":"1591691237218449","name":"Mikroateriat","slug":"valmisruoka-1/valmisateriat-ja-keitot/mikroateriat","__typename":"HierarchyPathItem"},{"id":"1591691237074396","name":"Valmisateriat ja -keitot","slug":"valmisruoka-1/valmisateriat-ja-keitot","__typename":"HierarchyPathItem"},{"id":"StructureGroup_1356670909914497","name":"Valmisruoka","slug":"valmisruoka-1","__typename":"HierarchyPathItem"}],"isGlobalFallback":null,"countryName":{"fi":"Suomi","__typename":"CountryName"}},{"id":"6407860060245","ean":"6407860060245","name":"Atria Kunnon Arki Jauhelihapihvit Muusilla 300g","price":2.59,"storeId":725782447,"__typename":"Product","approxPrice":false,"basicQuantityUnit":"KPL","comparisonPrice":8.63,"comparisonUnit":"KGM","consumerPackageSize":null,"consumerPackageUnit":null,"priceUnit":"KPL","quantityMultiplier":1,"brandName":"Atria Kunnon arki","slug":"atria-kunnon-arki-jauhelihapihvit-muusilla-300g","isAgeLimitedByAlcohol":false,"frozen":false,"packagingLabels":["Hyvää Suomesta (Sininen Joutsen)"],"packagingLabelCodes":["GOODS_FROM_FINLAND_BLUE_SWAN"],"hierarchyPath":[{"id":"1591691237218449","name":"Mikroateriat","slug":"valmisruoka-1/valmisateriat-ja-keitot/mikroateriat","__typename":"HierarchyPathItem"},{"id":"1591691237074396","name":"Valmisateriat ja -keitot","slug":"valmisruoka-1/valmisateriat-ja-keitot","__typename":"HierarchyPathItem"},{"id":"StructureGroup_1356670909914497","name":"Valmisruoka","slug":"valmisruoka-1","__typename":"HierarchyPathItem"}],"isGlobalFallback":null,"countryName":{"fi":"Suomi","__typename":"CountryName"}},{"id":"6407860060856","ean":"6407860060856","name":"Atria Kunnon Arki Kermainen Kanakastike ja Riisi 300g","price":2.59,"storeId":725782447,"__typename":"Product","approxPrice":false,"basicQuantityUnit":"KPL","comparisonPrice":8.63,"comparisonUnit":"KGM","consumerPackageSize":null,"consumerPackageUnit":null,"priceUnit":"KPL","quantityMultiplier":1,"brandName":"Atria","slug":"atria-kunnon-arki-kermainen-kanakastike-ja-riisi-300g","isAgeLimitedByAlcohol":false,"frozen":false,"packagingLabels":[],"packagingLabelCodes":[],"hierarchyPath":[{"id":"1591691237218449","name":"Mikroateriat","slug":"valmisruoka-1/valmisateriat-ja-keitot/mikroateriat","__typename":"HierarchyPathItem"},{"id":"1591691237074396","name":"Valmisateriat ja -keitot","slug":"valmisruoka-1/valmisateriat-ja-keitot","__typename":"HierarchyPathItem"},{"id":"StructureGroup_1356670909914497","name":"Valmisruoka","slug":"valmisruoka-1","__typename":"HierarchyPathItem"}],"isGlobalFallback":null,"countryName":{"fi":"Suomi","__typename":"CountryName"}},{"id":"6407860060894","ean":"6407860060894","name":"Atria Vegan Pasanda 350g","price":4.29,"storeId":725782447,"__typename":"Product","approxPrice":false,"basicQuantityUnit":"KPL","comparisonPrice":12.26,"comparisonUnit":"KGM","consumerPackageSize":null,"consumerPackageUnit":null,"priceUnit":"KPL","quantityMultiplier":1,"brandName":"Atria","slug":"atria-vegan-pasanda-350g","isAgeLimitedByAlcohol":false,"frozen":false,"packagingLabels":[],"packagingLabelCodes":[],"hierarchyPath":[{"id":"1591691237218449","name":"Mikroateriat","slug":"valmisruoka-1/valmisateriat-ja-keitot/mikroateriat","__typename":"HierarchyPathItem"},{"id":"1591691237074396","name":"Valmisateriat ja -keitot","slug":"valmisruoka-1/valmisateriat-ja-keitot","__typename":"HierarchyPathItem"},{"id":"StructureGroup_1356670909914497","name":"Valmisruoka","slug":"valmisruoka-1","__typename":"HierarchyPathItem"}],"isGlobalFallback":null,"countryName":{"fi":"Suomi","__typename":"CountryName"}},{"id":"6407860061174","ean":"6407860061174","name":"Atria Kunnon Arki Hot Dog 115g","price":1.89,"storeId":725782447,"__typename":"Product","approxPrice":false,"basicQuantityUnit":"KPL","comparisonPrice":16.43,"comparisonUnit":"KGM","consumerPackageSize":null,"consumerPackageUnit":null,"priceUnit":"KPL","quantityMultiplier":1,"brandName":"Atria","slug":"atria-kunnon-arki-hot-dog-115g","isAgeLimitedByAlcohol":false,"frozen":false,"packagingLabels":[],"packagingLabelCodes":[],"hierarchyPath":[{"id":"1591691237074421","name":"Hampurilaiset ja hotdogit","slug":"valmisruoka-1/valmisateriat-ja-keitot/hampurilaiset-ja-hotdogit","__typename":"HierarchyPathItem"},{"id":"1591691237074396","name":"Valmisateriat ja -keitot","slug":"valmisruoka-1/valmisateriat-ja-keitot","__typename":"HierarchyPathItem"},{"id":"StructureGroup_1356670909914497","name":"Valmisruoka","slug":"valmisruoka-1","__typename":"HierarchyPathItem"}],"isGlobalFallback":null,"countryName":{"fi":"Suomi","__typename":"CountryName"}},{"id":"6407860061723","ean":"6407860061723","name":"Atria Jauhelihapizza 200g","price":1.49,"storeId":725782447,"__typename":"Product","approxPrice":false,"basicQuantityUnit":"KPL","comparisonPrice":7.45,"comparisonUnit":"KGM","consumerPackageSize":null,"consumerPackageUnit":null,"priceUnit":"KPL","quantityMultiplier":1,"brandName":"Atria","slug":"atria-jauhelihapizza-200g","isAgeLimitedByAlcohol":false,"frozen":false,"packagingLabels":["Hyvää Suomesta (Sininen Joutsen)"],"packagingLabelCodes":["GOODS_FROM_FINLAND_BLUE_SWAN"],"hierarchyPath":[{"id":"1591691237074426","name":"Pizzat","slug":"valmisruoka-1/valmisateriat-ja-keitot/pizzat","__typename":"HierarchyPathItem"},{"id":"1591691237074396","name":"Valmisateriat ja -keitot","slug":"valmisruoka-1/valmisateriat-ja-keitot","__typename":"HierarchyPathItem"},{"id":"StructureGroup_1356670909914497","name":"Valmisruoka","slug":"valmisruoka-1","__typename":"HierarchyPathItem"}],"isGlobalFallback":null,"countryName":{"fi":"Suomi","__typename":"CountryName"}},{"id":"6407860061747","ean":"6407860061747","name":"Atria Meetvurstipizza 200g","price":1.49,"storeId":725782447,"__typename":"Product","approxPrice":false,"basicQuantityUnit":"KPL","comparisonPrice":7.45,"comparisonUnit":"KGM","consumerPackageSize":null,"consumerPackageUnit":null,"priceUnit":"KPL","quantityMultiplier":1,"brandName":"Atria","slug":"atria-meetvurstipizza-200g","isAgeLimitedByAlcohol":false,"frozen":false,"packagingLabels":[],"packagingLabelCodes":[],"hierarchyPath":[{"id":"1591691237074426","name":"Pizzat","slug":"valmisruoka-1/valmisateriat-ja-keitot/pizzat","__typename":"HierarchyPathItem"},{"id":"1591691237074396","name":"Valmisateriat ja -keitot","slug":"valmisruoka-1/valmisateriat-ja-keitot","__typename":"HierarchyPathItem"},{"id":"StructureGroup_1356670909914497","name":"Valmisruoka","slug":"valmisruoka-1","__typename":"HierarchyPathItem"}],"isGlobalFallback":null,"countryName":{"fi":"Suomi","__typename":"CountryName"}},{"id":"6407860062287","ean":"6407860062287","name":"Atria Kinkku-Ananaspizza 200g","price":1.49,"storeId":725782447,"__typename":"Product","approxPrice":false,"basicQuantityUnit":"KPL","comparisonPrice":7.45,"comparisonUnit":"KGM","consumerPackageSize":null,"consumerPackageUnit":null,"priceUnit":"KPL","quantityMultiplier":1,"brandName":"Atria","slug":"atria-kinkku-ananaspizza-200g","isAgeLimitedByAlcohol":false,"frozen":false,"packagingLabels":["Hyvää Suomesta (Sininen Joutsen)"],"packagingLabelCodes":["GOODS_FROM_FINLAND_BLUE_SWAN"],"hierarchyPath":[{"id":"1591691237074426","name":"Pizzat","slug":"valmisruoka-1/valmisateriat-ja-keitot/pizzat","__typename":"HierarchyPathItem"},{"id":"1591691237074396","name":"Valmisateriat ja -keitot","slug":"valmisruoka-1/valmisateriat-ja-keitot","__typename":"HierarchyPathItem"},{"id":"StructureGroup_1356670909914497","name":"Valmisruoka","slug":"valmisruoka-1","__typename":"HierarchyPathItem"}],"isGlobalFallback":null,"countryName":{"fi":"Suomi","__typename":"CountryName"}},{"id":"6407860063475","ean":"6407860063475","name":"Atria Sienisalaatti 250g","price":2.95,"storeId":725782447,"__typename":"Product","approxPrice":false,"basicQuantityUnit":"KPL","comparisonPrice":11.8,"comparisonUnit":"KGM","consumerPackageSize":null,"consumerPackageUnit":null,"priceUnit":"KPL","quantityMultiplier":1,"brandName":"Atria","slug":"atria-sienisalaatti-250g","isAgeLimitedByAlcohol":false,"frozen":false,"packagingLabels":[],"packagingLabelCodes":[],"hierarchyPath":[{"id":"1591691237218603","name":"Lisäkesalaatit ja tuorepasta","slug":"valmisruoka-1/lisakesalaatit-ja-tuorepasta","__typename":"HierarchyPathItem"},{"id":"StructureGroup_1356670909914497","name":"Valmisruoka","slug":"valmisruoka-1","__typename":"HierarchyPathItem"}],"isGlobalFallback":null,"countryName":{"fi":"Suomi","__typename":"CountryName"}},{"id":"6407860065295","ean":"6407860065295","name":"Atria Coleslaw 300g","price":2.59,"storeId":725782447,"__typename":"Product","approxPrice":false,"basicQuantityUnit":"KPL","comparisonPrice":8.63,"comparisonUnit":"KGM","consumerPackageSize":null,"consumerPackageUnit":null,"priceUnit":"KPL","quantityMultiplier":1,"brandName":"Atria","slug":"atria-coleslaw-300g","isAgeLimitedByAlcohol":false,"frozen":false,"packagingLabels":[],"packagingLabelCodes":[],"hierarchyPath":[{"id":"1591691237218603","name":"Lisäkesalaatit ja tuorepasta","slug":"valmisruoka-1/lisakesalaatit-ja-tuorepasta","__typename":"HierarchyPathItem"},{"id":"StructureGroup_1356670909914497","name":"Valmisruoka","slug":"valmisruoka-1","__typename":"HierarchyPathItem"}],"isGlobalFallback":null,"countryName":{"fi":"Suomi","__typename":"CountryName"}},{"id":"6407870070333","ean":"6407870070333","name":"Atria Lauantaimakkara 225g","price":1.25,"storeId":725782447,"__typename":"Product","approxPrice":false,"basicQuantityUnit":"KPL","comparisonPrice":5.56,"comparisonUnit":"KGM","consumerPackageSize":null,"consumerPackageUnit":null,"priceUnit":"KPL","quantityMultiplier":1,"brandName":"Atria","slug":"atria-lauantaimakkara-225g","isAgeLimitedByAlcohol":false,"frozen":false,"packagingLabels":["Hyvää Suomesta (Sininen Joutsen)"],"packagingLabelCodes":["GOODS_FROM_FINLAND_BLUE_SWAN"],"hierarchyPath":[{"id":"1591691245926571","name":"Vaaleat lihaleikkeet","slug":"liha-ja-kasviproteiinit-1/kinkut-ja-leikkeleet/vaaleat-lihaleikkeet","__typename":"HierarchyPathItem"},{"id":"Herkku_00000156","name":"Kinkut ja leikkeleet","slug":"liha-ja-kasviproteiinit-1/kinkut-ja-leikkeleet","__typename":"HierarchyPathItem"},{"id":"Herkku_00000014","name":"Liha ja kasviproteiinit","slug":"liha-ja-kasviproteiinit-1","__typename":"HierarchyPathItem"}],"isGlobalFallback":null,"countryName":{"fi":"Suomi","__typename":"CountryName"}},{"id":"6407870071224","ean":"6407870071224","name":"Atria Gotler Kinkkumakkara 300g","price":2.29,"storeId":725782447,"__typename":"Product","approxPrice":false,"basicQuantityUnit":"KPL","comparisonPrice":7.63,"comparisonUnit":"KGM","consumerPackageSize":null,"consumerPackageUnit":null,"priceUnit":"KPL","quantityMultiplier":1,"brandName":"Atria","slug":"atria-gotler-kinkkumakkara-300g","isAgeLimitedByAlcohol":false,"frozen":false,"packagingLabels":["Hyvää Suomesta (Sininen Joutsen)"],"packagingLabelCodes":["GOODS_FROM_FINLAND_BLUE_SWAN"],"hierarchyPath":[{"id":"1591691245926571","name":"Vaaleat lihaleikkeet","slug":"liha-ja-kasviproteiinit-1/kinkut-ja-leikkeleet/vaaleat-lihaleikkeet","__typename":"HierarchyPathItem"},{"id":"Herkku_00000156","name":"Kinkut ja leikkeleet","slug":"liha-ja-kasviproteiinit-1/kinkut-ja-leikkeleet","__typename":"HierarchyPathItem"},{"id":"Herkku_00000014","name":"Liha ja kasviproteiinit","slug":"liha-ja-kasviproteiinit-1","__typename":"HierarchyPathItem"}],"isGlobalFallback":null,"countryName":{"fi":"Suomi","__typename":"CountryName"}},{"id":"6407870074041","ean":"6407870074041","name":"Atria Rehti Kevyt 5% Kalkkunanakki 280g","price":3.35,"storeId":725782447,"__typename":"Product","approxPrice":false,"basicQuantityUnit":"KPL","comparisonPrice":11.96,"comparisonUnit":"KGM","consumerPackageSize":null,"consumerPackageUnit":null,"priceUnit":"KPL","quantityMultiplier":1,"brandName":"Atria","slug":"atria-rehti-kevyt-5-kalkkunanakki-280g","isAgeLimitedByAlcohol":false,"frozen":false,"packagingLabels":["Hyvää Suomesta (Sininen Joutsen)"],"packagingLabelCodes":["GOODS_FROM_FINLAND_BLUE_SWAN"],"hierarchyPath":[{"id":"1591691245533167","name":"Nakit","slug":"liha-ja-kasviproteiinit-1/makkarat-nakit-ja-pekonit/nakit","__typename":"HierarchyPathItem"},{"id":"1591691245533161","name":"Makkarat, nakit ja pekonit","slug":"liha-ja-kasviproteiinit-1/makkarat-nakit-ja-pekonit","__typename":"HierarchyPathItem"},{"id":"Herkku_00000014","name":"Liha ja kasviproteiinit","slug":"liha-ja-kasviproteiinit-1","__typename":"HierarchyPathItem"}],"isGlobalFallback":null,"countryName":{"fi":"Suomi","__typename":"CountryName"}},{"id":"6407870074881","ean":"6407870074881","name":"Atria Hiillos Grillimakkara 400g","price":2.49,"storeId":725782447,"__typename":"Product","approxPrice":false,"basicQuantityUnit":"KPL","comparisonPrice":6.23,"comparisonUnit":"KGM","consumerPackageSize":null,"consumerPackageUnit":null,"priceUnit":"KPL","quantityMultiplier":1,"brandName":"Atria","slug":"atria-hiillos-grillimakkara-400g","isAgeLimitedByAlcohol":false,"frozen":false,"packagingLabels":["Hyvää Suomesta (Sininen Joutsen)"],"packagingLabelCodes":["GOODS_FROM_FINLAND_BLUE_SWAN"],"hierarchyPath":[{"id":"1591691245533163","name":"Grillimakkarat","slug":"liha-ja-kasviproteiinit-1/makkarat-nakit-ja-pekonit/grillimakkarat","__typename":"HierarchyPathItem"},{"id":"1591691245533161","name":"Makkarat, nakit ja pekonit","slug":"liha-ja-kasviproteiinit-1/makkarat-nakit-ja-pekonit","__typename":"HierarchyPathItem"},{"id":"Herkku_00000014","name":"Liha ja kasviproteiinit","slug":"liha-ja-kasviproteiinit-1","__typename":"HierarchyPathItem"}],"isGlobalFallback":null,"countryName":{"fi":"Suomi","__typename":"CountryName"}},{"id":"6407870078797","ean":"6407870078797","name":"Atria Wilhelm Juusto 350g","price":2.99,"storeId":725782447,"__typename":"Product","approxPrice":false,"basicQuantityUnit":"KPL","comparisonPrice":8.54,"comparisonUnit":"KGM","consumerPackageSize":null,"consumerPackageUnit":null,"priceUnit":"KPL","quantityMultiplier":1,"brandName":"Atria","slug":"atria-wilhelm-juusto-350g","isAgeLimitedByAlcohol":false,"frozen":false,"packagingLabels":["Hyvää Suomesta (Sininen Joutsen)"],"packagingLabelCodes":["GOODS_FROM_FINLAND_BLUE_SWAN"],"hierarchyPath":[{"id":"1591691245533163","name":"Grillimakkarat","slug":"liha-ja-kasviproteiinit-1/makkarat-nakit-ja-pekonit/grillimakkarat","__typename":"HierarchyPathItem"},{"id":"1591691245533161","name":"Makkarat, nakit ja pekonit","slug":"liha-ja-kasviproteiinit-1/makkarat-nakit-ja-pekonit","__typename":"HierarchyPathItem"},{"id":"Herkku_00000014","name":"Liha ja kasviproteiinit","slug":"liha-ja-kasviproteiinit-1","__typename":"HierarchyPathItem"}],"isGlobalFallback":null,"countryName":{"fi":"Suomi","__typename":"CountryName"}},{"id":"6407880080278","ean":"6407880080278","name":"Atria Wilhelm Perinteinen 400g","price":2.99,"storeId":725782447,"__typename":"Product","approxPrice":false,"basicQuantityUnit":"KPL","comparisonPrice":7.48,"comparisonUnit":"KGM","consumerPackageSize":null,"consumerPackageUnit":null,"priceUnit":"KPL","quantityMultiplier":1,"brandName":"Atria","slug":"atria-wilhelm-perinteinen-400g","isAgeLimitedByAlcohol":false,"frozen":false,"packagingLabels":["Hyvää Suomesta (Sininen Joutsen)"],"packagingLabelCodes":["GOODS_FROM_FINLAND_BLUE_SWAN"],"hierarchyPath":[{"id":"1591691245533163","name":"Grillimakkarat","slug":"liha-ja-kasviproteiinit-1/makkarat-nakit-ja-pekonit/grillimakkarat","__typename":"HierarchyPathItem"},{"id":"1591691245533161","name":"Makkarat, nakit ja pekonit","slug":"liha-ja-kasviproteiinit-1/makkarat-nakit-ja-pekonit","__typename":"HierarchyPathItem"},{"id":"Herkku_00000014","name":"Liha ja kasviproteiinit","slug":"liha-ja-kasviproteiinit-1","__typename":"HierarchyPathItem"}],"isGlobalFallback":null,"countryName":{"fi":"Suomi","__typename":"CountryName"}},{"id":"6407880083453","ean":"6407880083453","name":"Atria Pikkukinkku 1kg","price":11.5,"storeId":725782447,"__typename":"Product","approxPrice":false,"basicQuantityUnit":"KPL","comparisonPrice":11.5,"comparisonUnit":"KGM","consumerPackageSize":null,"consumerPackageUnit":null,"priceUnit":"KPL","quantityMultiplier":1,"brandName":"Atria","slug":"atria-pikkukinkku-1kg","isAgeLimitedByAlcohol":false,"frozen":false,"packagingLabels":["Hyvää Suomesta (Sininen Joutsen)"],"packagingLabelCodes":["GOODS_FROM_FINLAND_BLUE_SWAN"],"hierarchyPath":[{"id":"1591691245926574","name":"Kinkkusuikaleet ja lihapalat","slug":"liha-ja-kasviproteiinit-1/kinkut-ja-leikkeleet/kinkkusuikaleet-ja-lihapalat","__typename":"HierarchyPathItem"},{"id":"Herkku_00000156","name":"Kinkut ja leikkeleet","slug":"liha-ja-kasviproteiinit-1/kinkut-ja-leikkeleet","__typename":"HierarchyPathItem"},{"id":"Herkku_00000014","name":"Liha ja kasviproteiinit","slug":"liha-ja-kasviproteiinit-1","__typename":"HierarchyPathItem"}],"isGlobalFallback":null,"countryName":{"fi":"Suomi","__typename":"CountryName"}},{"id":"6407880084900","ean":"6407880084900","name":"Atria Saunapalvi 350g","price":4.69,"storeId":725782447,"__typename":"Product","approxPrice":false,"basicQuantityUnit":"KPL","comparisonPrice":13.4,"comparisonUnit":"KGM","consumerPackageSize":null,"consumerPackageUnit":null,"priceUnit":"KPL","quantityMultiplier":1,"brandName":"Atria","slug":"atria-saunapalvi-350g","isAgeLimitedByAlcohol":false,"frozen":false,"packagingLabels":["Hyvää Suomesta (Sininen Joutsen)"," Sydänmerkki"],"packagingLabelCodes":["FINNISH_HEART_SYMBOL"," GOODS_FROM_FINLAND_BLUE_SWAN"],"hierarchyPath":[{"id":"1591691245926570","name":"Kokolihaleikkeet","slug":"liha-ja-kasviproteiinit-1/kinkut-ja-leikkeleet/kokolihaleikkeet","__typename":"HierarchyPathItem"},{"id":"Herkku_00000156","name":"Kinkut ja leikkeleet","slug":"liha-ja-kasviproteiinit-1/kinkut-ja-leikkeleet","__typename":"HierarchyPathItem"},{"id":"Herkku_00000014","name":"Liha ja kasviproteiinit","slug":"liha-ja-kasviproteiinit-1","__typename":"HierarchyPathItem"}],"isGlobalFallback":null,"countryName":{"fi":"Suomi","__typename":"CountryName"}},{"id":"6407880085075","ean":"6407880085075","name":"Atria Vuolu Kanafilee Pehmeä Savu 200g","price":4.59,"storeId":725782447,"__typename":"Product","approxPrice":false,"basicQuantityUnit":"KPL","comparisonPrice":22.95,"comparisonUnit":"KGM","consumerPackageSize":null,"consumerPackageUnit":null,"priceUnit":"KPL","quantityMultiplier":1,"brandName":"Atria","slug":"atria-vuolu-kanafilee-pehmea-savu-200g","isAgeLimitedByAlcohol":false,"frozen":false,"packagingLabels":["Hyvää Suomesta (Sininen Joutsen)"],"packagingLabelCodes":["GOODS_FROM_FINLAND_BLUE_SWAN"],"hierarchyPath":[{"id":"1591691245926574","name":"Kinkkusuikaleet ja lihapalat","slug":"liha-ja-kasviproteiinit-1/kinkut-ja-leikkeleet/kinkkusuikaleet-ja-lihapalat","__typename":"HierarchyPathItem"},{"id":"Herkku_00000156","name":"Kinkut ja leikkeleet","slug":"liha-ja-kasviproteiinit-1/kinkut-ja-leikkeleet","__typename":"HierarchyPathItem"},{"id":"Herkku_00000014","name":"Liha ja kasviproteiinit","slug":"liha-ja-kasviproteiinit-1","__typename":"HierarchyPathItem"}],"isGlobalFallback":null,"countryName":{"fi":"Suomi","__typename":"CountryName"}},{"id":"6407970001749","ean":"6407970001749","name":"Korpela suussa sulava joulukinkkuviipale 500g","price":6.79,"storeId":725782447,"__typename":"Product","approxPrice":false,"basicQuantityUnit":"KPL","comparisonPrice":13.58,"comparisonUnit":"KGM","consumerPackageSize":null,"consumerPackageUnit":null,"priceUnit":"KPL","quantityMultiplier":1,"brandName":"Korpela","slug":"korpela-suussa-sulava-joulukinkkuviipale-500g","isAgeLimitedByAlcohol":false,"frozen":false,"packagingLabels":[],"packagingLabelCodes":[],"hierarchyPath":[{"id":"1591691245926574","name":"Kinkkusuikaleet ja lihapalat","slug":"liha-ja-kasviproteiinit-1/kinkut-ja-leikkeleet/kinkkusuikaleet-ja-lihapalat","__typename":"HierarchyPathItem"},{"id":"Herkku_00000156","name":"Kinkut ja leikkeleet","slug":"liha-ja-kasviproteiinit-1/kinkut-ja-leikkeleet","__typename":"HierarchyPathItem"},{"id":"Herkku_00000014","name":"Liha ja kasviproteiinit","slug":"liha-ja-kasviproteiinit-1","__typename":"HierarchyPathItem"}],"isGlobalFallback":null,"countryName":{"fi":"Suomi","__typename":"CountryName"}},{"id":"6407973890005","ean":"6407973890005","name":"Korpela maalaishyytelö 350g","price":4.39,"storeId":725782447,"__typename":"Product","approxPrice":false,"basicQuantityUnit":"KPL","comparisonPrice":12.54,"comparisonUnit":"KGM","consumerPackageSize":null,"consumerPackageUnit":null,"priceUnit":"KPL","quantityMultiplier":1,"brandName":"Korpela","slug":"korpela-maalaishyytelo-350g","isAgeLimitedByAlcohol":false,"frozen":false,"packagingLabels":[],"packagingLabelCodes":[],"hierarchyPath":[{"id":"1591691245926575","name":"Lihahyytelöt","slug":"liha-ja-kasviproteiinit-1/kinkut-ja-leikkeleet/lihahyytelot","__typename":"HierarchyPathItem"},{"id":"Herkku_00000156","name":"Kinkut ja leikkeleet","slug":"liha-ja-kasviproteiinit-1/kinkut-ja-leikkeleet","__typename":"HierarchyPathItem"},{"id":"Herkku_00000014","name":"Liha ja kasviproteiinit","slug":"liha-ja-kasviproteiinit-1","__typename":"HierarchyPathItem"}],"isGlobalFallback":null,"countryName":{"fi":"Suomi","__typename":"CountryName"}},{"id":"6407979290007","ean":"6407979290007","name":"Korpela broilerin sisäfilee 200g","price":3.55,"storeId":725782447,"__typename":"Product","approxPrice":false,"basicQuantityUnit":"KPL","comparisonPrice":17.75,"comparisonUnit":"KGM","consumerPackageSize":null,"consumerPackageUnit":null,"priceUnit":"KPL","quantityMultiplier":1,"brandName":"Korpela","slug":"korpela-broilerin-sisafilee-200g","isAgeLimitedByAlcohol":false,"frozen":false,"packagingLabels":[],"packagingLabelCodes":[],"hierarchyPath":[{"id":"1591691245926574","name":"Kinkkusuikaleet ja lihapalat","slug":"liha-ja-kasviproteiinit-1/kinkut-ja-leikkeleet/kinkkusuikaleet-ja-lihapalat","__typename":"HierarchyPathItem"},{"id":"Herkku_00000156","name":"Kinkut ja leikkeleet","slug":"liha-ja-kasviproteiinit-1/kinkut-ja-leikkeleet","__typename":"HierarchyPathItem"},{"id":"Herkku_00000014","name":"Liha ja kasviproteiinit","slug":"liha-ja-kasviproteiinit-1","__typename":"HierarchyPathItem"}],"isGlobalFallback":null,"countryName":{"fi":"Suomi","__typename":"CountryName"}},{"id":"6408110004729","ean":"6408110004729","name":"Chef Kalle Vöner-lastu miedossa kastikkeessa 207 g","price":4.09,"storeId":725782447,"__typename":"Product","approxPrice":false,"basicQuantityUnit":"KPL","comparisonPrice":19.76,"comparisonUnit":"KGM","consumerPackageSize":null,"consumerPackageUnit":null,"priceUnit":"KPL","quantityMultiplier":1,"brandName":null,"slug":"chef-kalle-voner-lastu-miedossa-kastikkeessa-207-g","isAgeLimitedByAlcohol":false,"frozen":false,"packagingLabels":[],"packagingLabelCodes":[],"hierarchyPath":[{"id":"Herkku_00000358","name":"Lihasäilykkeet","slug":"kuivatuotteet-ja-leivonta-1/sailykkeet/lihasailykkeet","__typename":"HierarchyPathItem"},{"id":"Herkku_00000063","name":"Säilykkeet","slug":"kuivatuotteet-ja-leivonta-1/sailykkeet","__typename":"HierarchyPathItem"},{"id":"Herkku_00000007","name":"Kuivatuotteet ja leivonta","slug":"kuivatuotteet-ja-leivonta-1","__typename":"HierarchyPathItem"}],"isGlobalFallback":null,"countryName":{"fi":"Suomi","__typename":"CountryName"}},{"id":"6408180733260","ean":"6408180733260","name":"Vaasan Ruispalat Ohut Herkku 195g 6 kpl täysjyväruisleipä","price":1.69,"storeId":725782447,"__typename":"Product","approxPrice":false,"basicQuantityUnit":"KPL","comparisonPrice":8.67,"comparisonUnit":"KGM","consumerPackageSize":null,"consumerPackageUnit":null,"priceUnit":"KPL","quantityMultiplier":1,"brandName":"Vaasan","slug":"vaasan-ruispalat-ohut-herkku-195g-6-kpl-taysjyvaruisleipa","isAgeLimitedByAlcohol":false,"frozen":false,"packagingLabels":["Hyvää Suomesta (Sininen Joutsen)"],"packagingLabelCodes":["GOODS_FROM_FINLAND_BLUE_SWAN"],"hierarchyPath":[{"id":"StructureGroup_507756644163854","name":"Tummat leivät","slug":"leivat-keksit-ja-leivonnaiset-1/leivat/tummat-leivat","__typename":"HierarchyPathItem"},{"id":"StructureGroup_1796559627347513","name":"Leivät","slug":"leivat-keksit-ja-leivonnaiset-1/leivat","__typename":"HierarchyPathItem"},{"id":"Herkku_00000008","name":"Leivät, keksit ja leivonnaiset","slug":"leivat-keksit-ja-leivonnaiset-1","__typename":"HierarchyPathItem"}],"isGlobalFallback":null,"countryName":{"fi":"Suomi","__typename":"CountryName"}},{"id":"6408180733307","ean":"6408180733307","name":"Vaasan Street Food Hampurilaissämpylä Classic 480 g 6 kpl","price":3.3,"storeId":725782447,"__typename":"Product","approxPrice":false,"basicQuantityUnit":"KPL","comparisonPrice":6.88,"comparisonUnit":"KGM","consumerPackageSize":null,"consumerPackageUnit":null,"priceUnit":"KPL","quantityMultiplier":1,"brandName":"Vaasan Street Food","slug":"vaasan-street-food-hampurilaissampyla-classic-480-g-6-kpl","isAgeLimitedByAlcohol":false,"frozen":false,"packagingLabels":["Avainlippu"],"packagingLabelCodes":["MADE_IN_FINLAND_FLAG_WITH_KEY"],"hierarchyPath":[{"id":"1591691250986226","name":"Erikoisleivät","slug":"leivat-keksit-ja-leivonnaiset-1/leivat/erikoisleivat","__typename":"HierarchyPathItem"},{"id":"StructureGroup_1796559627347513","name":"Leivät","slug":"leivat-keksit-ja-leivonnaiset-1/leivat","__typename":"HierarchyPathItem"},{"id":"Herkku_00000008","name":"Leivät, keksit ja leivonnaiset","slug":"leivat-keksit-ja-leivonnaiset-1","__typename":"HierarchyPathItem"}],"isGlobalFallback":null,"countryName":{"fi":"Suomi","__typename":"CountryName"}},{"id":"6408180733338","ean":"6408180733338","name":"Vaasan Street Food Mini Hot Dog bun Classic  324g 12 kpl","price":3.39,"storeId":725782447,"__typename":"Product","approxPrice":false,"basicQuantityUnit":"KPL","comparisonPrice":10.46,"comparisonUnit":"KGM","consumerPackageSize":null,"consumerPackageUnit":null,"priceUnit":"KPL","quantityMultiplier":1,"brandName":"Vaasan Street Food","slug":"vaasan-street-food-mini-hot-dog-bun-classic-324g-12-kpl","isAgeLimitedByAlcohol":false,"frozen":false,"packagingLabels":["Avainlippu"],"packagingLabelCodes":["MADE_IN_FINLAND_FLAG_WITH_KEY"],"hierarchyPath":[{"id":"1591691250986226","name":"Erikoisleivät","slug":"leivat-keksit-ja-leivonnaiset-1/leivat/erikoisleivat","__typename":"HierarchyPathItem"},{"id":"StructureGroup_1796559627347513","name":"Leivät","slug":"leivat-keksit-ja-leivonnaiset-1/leivat","__typename":"HierarchyPathItem"},{"id":"Herkku_00000008","name":"Leivät, keksit ja leivonnaiset","slug":"leivat-keksit-ja-leivonnaiset-1","__typename":"HierarchyPathItem"}],"isGlobalFallback":null,"countryName":{"fi":"Suomi","__typename":"CountryName"}},{"id":"6408180733772","ean":"6408180733772","name":"Vaasan Taika Täysjyväkauraviipaleet 550g","price":2.69,"storeId":725782447,"__typename":"Product","approxPrice":false,"basicQuantityUnit":"KPL","comparisonPrice":4.89,"comparisonUnit":"KGM","consumerPackageSize":null,"consumerPackageUnit":null,"priceUnit":"KPL","quantityMultiplier":1,"brandName":"Vaasan","slug":"vaasan-taika-taysjyvakauraviipaleet-550g","isAgeLimitedByAlcohol":false,"frozen":false,"packagingLabels":[],"packagingLabelCodes":[],"hierarchyPath":[{"id":"1591691250986231","name":"Sekaleivät","slug":"leivat-keksit-ja-leivonnaiset-1/leivat/sekaleivat","__typename":"HierarchyPathItem"},{"id":"StructureGroup_1796559627347513","name":"Leivät","slug":"leivat-keksit-ja-leivonnaiset-1/leivat","__typename":"HierarchyPathItem"},{"id":"Herkku_00000008","name":"Leivät, keksit ja leivonnaiset","slug":"leivat-keksit-ja-leivonnaiset-1","__typename":"HierarchyPathItem"}],"isGlobalFallback":null,"countryName":{"fi":"Viro","__typename":"CountryName"}},{"id":"6408180733901","ean":"6408180733901","name":"Vaasan Ruispalat Ohut Herkku 390 g 12 kpl täysjyväruisleipä","price":2.75,"storeId":725782447,"__typename":"Product","approxPrice":false,"basicQuantityUnit":"KPL","comparisonPrice":7.05,"comparisonUnit":"KGM","consumerPackageSize":null,"consumerPackageUnit":null,"priceUnit":"KPL","quantityMultiplier":1,"brandName":"Vaasan","slug":"vaasan-ruispalat-ohut-herkku-390-g-12-kpl-taysjyvaruisleipa","isAgeLimitedByAlcohol":false,"frozen":false,"packagingLabels":["Hyvää Suomesta (Sininen Joutsen)"],"packagingLabelCodes":["GOODS_FROM_FINLAND_BLUE_SWAN"],"hierarchyPath":[{"id":"StructureGroup_507756644163854","name":"Tummat leivät","slug":"leivat-keksit-ja-leivonnaiset-1/leivat/tummat-leivat","__typename":"HierarchyPathItem"},{"id":"StructureGroup_1796559627347513","name":"Leivät","slug":"leivat-keksit-ja-leivonnaiset-1/leivat","__typename":"HierarchyPathItem"},{"id":"Herkku_00000008","name":"Leivät, keksit ja leivonnaiset","slug":"leivat-keksit-ja-leivonnaiset-1","__typename":"HierarchyPathItem"}],"isGlobalFallback":null,"countryName":{"fi":"Suomi","__typename":"CountryName"}},{"id":"6408180736841","ean":"6408180736841","name":"Vaasan Ruispalat 100% Ruis 320g 8kpl täysjyväruisleipä","price":2.25,"storeId":725782447,"__typename":"Product","approxPrice":false,"basicQuantityUnit":"KPL","comparisonPrice":7.03,"comparisonUnit":"KGM","consumerPackageSize":null,"consumerPackageUnit":null,"priceUnit":"KPL","quantityMultiplier":1,"brandName":"Vaasan","slug":"vaasan-ruispalat-100-ruis-320g-8kpl-taysjyvaruisleipa","isAgeLimitedByAlcohol":false,"frozen":false,"packagingLabels":["Hyvää Suomesta (Sininen Joutsen)"],"packagingLabelCodes":["GOODS_FROM_FINLAND_BLUE_SWAN"],"hierarchyPath":[{"id":"StructureGroup_507756644163854","name":"Tummat leivät","slug":"leivat-keksit-ja-leivonnaiset-1/leivat/tummat-leivat","__typename":"HierarchyPathItem"},{"id":"StructureGroup_1796559627347513","name":"Leivät","slug":"leivat-keksit-ja-leivonnaiset-1/leivat","__typename":"HierarchyPathItem"},{"id":"Herkku_00000008","name":"Leivät, keksit ja leivonnaiset","slug":"leivat-keksit-ja-leivonnaiset-1","__typename":"HierarchyPathItem"}],"isGlobalFallback":null,"countryName":{"fi":"Suomi","__typename":"CountryName"}},{"id":"6408400000448","ean":"6408400000448","name":"Rasilaisen Hapankaali 400g","price":2.49,"storeId":725782447,"__typename":"Product","approxPrice":false,"basicQuantityUnit":"KPL","comparisonPrice":6.23,"comparisonUnit":"KGM","consumerPackageSize":null,"consumerPackageUnit":null,"priceUnit":"KPL","quantityMultiplier":1,"brandName":"Rasilainen","slug":"rasilaisen-hapankaali-400g","isAgeLimitedByAlcohol":false,"frozen":false,"packagingLabels":[],"packagingLabelCodes":[],"hierarchyPath":[{"id":"1591691237218603","name":"Lisäkesalaatit ja tuorepasta","slug":"valmisruoka-1/lisakesalaatit-ja-tuorepasta","__typename":"HierarchyPathItem"},{"id":"StructureGroup_1356670909914497","name":"Valmisruoka","slug":"valmisruoka-1","__typename":"HierarchyPathItem"}],"isGlobalFallback":null,"countryName":{"fi":"Suomi","__typename":"CountryName"}},{"id":"6408430000142","ean":"6408430000142","name":"Valio Luomu™ kevytmaito 1 l","price":1.39,"storeId":725782447,"__typename":"Product","approxPrice":false,"basicQuantityUnit":"KPL","comparisonPrice":1.39,"comparisonUnit":"LTR","consumerPackageSize":null,"consumerPackageUnit":null,"priceUnit":"KPL","quantityMultiplier":1,"brandName":"Valio Luomu","slug":"valio-luomutm-kevytmaito-1-l","isAgeLimitedByAlcohol":false,"frozen":false,"packagingLabels":["EU:n luomutunnus (lehti)"," Hyvää Suomesta (Sininen Joutsen)"],"packagingLabelCodes":["EU_ORGANIC_FARMING"," GOODS_FROM_FINLAND_BLUE_SWAN"],"hierarchyPath":[{"id":"1591691235495235","name":"Maidot","slug":"maito-munat-ja-rasvat-0/maidot-ja-piimat/maidot","__typename":"HierarchyPathItem"},{"id":"Herkku_00000122","name":"Maidot ja piimät","slug":"maito-munat-ja-rasvat-0/maidot-ja-piimat","__typename":"HierarchyPathItem"},{"id":"Herkku_00000006","name":"Maito, munat ja rasvat","slug":"maito-munat-ja-rasvat-0","__typename":"HierarchyPathItem"}],"isGlobalFallback":null,"countryName":{"fi":"Suomi","__typename":"CountryName"}},{"id":"6408430000173","ean":"6408430000173","name":"Valio Luomu™ rasvaton maito 1 l","price":1.35,"storeId":725782447,"__typename":"Product","approxPrice":false,"basicQuantityUnit":"KPL","comparisonPrice":1.35,"comparisonUnit":"LTR","consumerPackageSize":null,"consumerPackageUnit":null,"priceUnit":"KPL","quantityMultiplier":1,"brandName":"Valio Luomu","slug":"valio-luomutm-rasvaton-maito-1-l","isAgeLimitedByAlcohol":false,"frozen":false,"packagingLabels":["EU:n luomutunnus (lehti)"," Hyvää Suomesta (Sininen Joutsen)"," Sydänmerkki"],"packagingLabelCodes":["EU_ORGANIC_FARMING"," FINNISH_HEART_SYMBOL"," GOODS_FROM_FINLAND_BLUE_SWAN"],"hierarchyPath":[{"id":"1591691235495235","name":"Maidot","slug":"maito-munat-ja-rasvat-0/maidot-ja-piimat/maidot","__typename":"HierarchyPathItem"},{"id":"Herkku_00000122","name":"Maidot ja piimät","slug":"maito-munat-ja-rasvat-0/maidot-ja-piimat","__typename":"HierarchyPathItem"},{"id":"Herkku_00000006","name":"Maito, munat ja rasvat","slug":"maito-munat-ja-rasvat-0","__typename":"HierarchyPathItem"}],"isGlobalFallback":null,"countryName":{"fi":"Suomi","__typename":"CountryName"}},{"id":"6408430000241","ean":"6408430000241","name":"Valio Eila® rasvaton maitojuoma 1 l laktoositon","price":2.35,"storeId":725782447,"__typename":"Product","approxPrice":false,"basicQuantityUnit":"KPL","comparisonPrice":2.35,"comparisonUnit":"LTR","consumerPackageSize":null,"consumerPackageUnit":null,"priceUnit":"KPL","quantityMultiplier":1,"brandName":"Eila","slug":"valio-eilar-rasvaton-maitojuoma-1-l-laktoositon","isAgeLimitedByAlcohol":false,"frozen":false,"packagingLabels":["Hyvää Suomesta (Sininen Joutsen)"," Sydänmerkki"],"packagingLabelCodes":["FINNISH_HEART_SYMBOL"," GOODS_FROM_FINLAND_BLUE_SWAN"],"hierarchyPath":[{"id":"1591691235495236","name":"Laktoosittomat ja vähälaktoosiset maidot","slug":"maito-munat-ja-rasvat-0/maidot-ja-piimat/laktoosittomat-ja-vahalaktoosiset-maidot","__typename":"HierarchyPathItem"},{"id":"Herkku_00000122","name":"Maidot ja piimät","slug":"maito-munat-ja-rasvat-0/maidot-ja-piimat","__typename":"HierarchyPathItem"},{"id":"Herkku_00000006","name":"Maito, munat ja rasvat","slug":"maito-munat-ja-rasvat-0","__typename":"HierarchyPathItem"}],"isGlobalFallback":null,"countryName":{"fi":"Suomi","__typename":"CountryName"}},{"id":"6408430000258","ean":"6408430000258","name":"Valio Eila® kevytmaitojuoma 1 l laktoositon","price":2.35,"storeId":725782447,"__typename":"Product","approxPrice":false,"basicQuantityUnit":"KPL","comparisonPrice":2.35,"comparisonUnit":"LTR","consumerPackageSize":null,"consumerPackageUnit":null,"priceUnit":"KPL","quantityMultiplier":1,"brandName":"Eila","slug":"valio-eilar-kevytmaitojuoma-1-l-laktoositon","isAgeLimitedByAlcohol":false,"frozen":false,"packagingLabels":["Hyvää Suomesta (Sininen Joutsen)"],"packagingLabelCodes":["GOODS_FROM_FINLAND_BLUE_SWAN"],"hierarchyPath":[{"id":"1591691235495236","name":"Laktoosittomat ja vähälaktoosiset maidot","slug":"maito-munat-ja-rasvat-0/maidot-ja-piimat/laktoosittomat-ja-vahalaktoosiset-maidot","__typename":"HierarchyPathItem"},{"id":"Herkku_00000122","name":"Maidot ja piimät","slug":"maito-munat-ja-rasvat-0/maidot-ja-piimat","__typename":"HierarchyPathItem"},{"id":"Herkku_00000006","name":"Maito, munat ja rasvat","slug":"maito-munat-ja-rasvat-0","__typename":"HierarchyPathItem"}],"isGlobalFallback":null,"countryName":{"fi":"Suomi","__typename":"CountryName"}},{"id":"6408430000289","ean":"6408430000289","name":"Valio Plus™ rasvaton maito 1 l","price":2.19,"storeId":725782447,"__typename":"Product","approxPrice":false,"basicQuantityUnit":"KPL","comparisonPrice":2.19,"comparisonUnit":"LTR","consumerPackageSize":null,"consumerPackageUnit":null,"priceUnit":"KPL","quantityMultiplier":1,"brandName":"Valio Plus","slug":"valio-plustm-rasvaton-maito-1-l","isAgeLimitedByAlcohol":false,"frozen":false,"packagingLabels":["Hyvää Suomesta (Sininen Joutsen)"," Sydänmerkki"],"packagingLabelCodes":["FINNISH_HEART_SYMBOL"," GOODS_FROM_FINLAND_BLUE_SWAN"],"hierarchyPath":[{"id":"1591691235495237","name":"Erikoismaidot","slug":"maito-munat-ja-rasvat-0/maidot-ja-piimat/erikoismaidot","__typename":"HierarchyPathItem"},{"id":"Herkku_00000122","name":"Maidot ja piimät","slug":"maito-munat-ja-rasvat-0/maidot-ja-piimat","__typename":"HierarchyPathItem"},{"id":"Herkku_00000006","name":"Maito, munat ja rasvat","slug":"maito-munat-ja-rasvat-0","__typename":"HierarchyPathItem"}],"isGlobalFallback":null,"countryName":{"fi":"Suomi","__typename":"CountryName"}},{"id":"6408430000296","ean":"6408430000296","name":"Valio Eila® 3 % maitojuoma 1 l laktoositon","price":2.59,"storeId":725782447,"__typename":"Product","approxPrice":false,"basicQuantityUnit":"KPL","comparisonPrice":2.59,"comparisonUnit":"LTR","consumerPackageSize":null,"consumerPackageUnit":null,"priceUnit":"KPL","quantityMultiplier":1,"brandName":"Eila","slug":"valio-eilar-3-maitojuoma-1-l-laktoositon","isAgeLimitedByAlcohol":false,"frozen":false,"packagingLabels":["Hyvää Suomesta (Sininen Joutsen)"],"packagingLabelCodes":["GOODS_FROM_FINLAND_BLUE_SWAN"],"hierarchyPath":[{"id":"1591691235495236","name":"Laktoosittomat ja vähälaktoosiset maidot","slug":"maito-munat-ja-rasvat-0/maidot-ja-piimat/laktoosittomat-ja-vahalaktoosiset-maidot","__typename":"HierarchyPathItem"},{"id":"Herkku_00000122","name":"Maidot ja piimät","slug":"maito-munat-ja-rasvat-0/maidot-ja-piimat","__typename":"HierarchyPathItem"},{"id":"Herkku_00000006","name":"Maito, munat ja rasvat","slug":"maito-munat-ja-rasvat-0","__typename":"HierarchyPathItem"}],"isGlobalFallback":null,"countryName":{"fi":"Suomi","__typename":"CountryName"}},{"id":"6408430000418","ean":"6408430000418","name":"Valio Luomu™ vanhanajan täysmaito 1 l","price":1.75,"storeId":725782447,"__typename":"Product","approxPrice":false,"basicQuantityUnit":"KPL","comparisonPrice":1.75,"comparisonUnit":"LTR","consumerPackageSize":null,"consumerPackageUnit":null,"priceUnit":"KPL","quantityMultiplier":1,"brandName":"Valio Luomu","slug":"valio-luomutm-vanhanajan-taysmaito-1-l","isAgeLimitedByAlcohol":false,"frozen":false,"packagingLabels":["EU:n luomutunnus (lehti)"," Hyvää Suomesta (Sininen Joutsen)"],"packagingLabelCodes":["EU_ORGANIC_FARMING"," GOODS_FROM_FINLAND_BLUE_SWAN"],"hierarchyPath":[{"id":"1591691235495235","name":"Maidot","slug":"maito-munat-ja-rasvat-0/maidot-ja-piimat/maidot","__typename":"HierarchyPathItem"},{"id":"Herkku_00000122","name":"Maidot ja piimät","slug":"maito-munat-ja-rasvat-0/maidot-ja-piimat","__typename":"HierarchyPathItem"},{"id":"Herkku_00000006","name":"Maito, munat ja rasvat","slug":"maito-munat-ja-rasvat-0","__typename":"HierarchyPathItem"}],"isGlobalFallback":null,"countryName":{"fi":"Suomi","__typename":"CountryName"}},{"id":"6408430000432","ean":"6408430000432","name":"Valio Hyvä suomalainen Arki® rasvaton maitojuoma 1 l","price":0.99,"storeId":725782447,"__typename":"Product","approxPrice":false,"basicQuantityUnit":"KPL","comparisonPrice":0.99,"comparisonUnit":"LTR","consumerPackageSize":null,"consumerPackageUnit":null,"priceUnit":"KPL","quantityMultiplier":1,"brandName":"Arki","slug":"valio-hyva-suomalainen-arkir-rasvaton-maitojuoma-1-l","isAgeLimitedByAlcohol":false,"frozen":false,"packagingLabels":["Hyvää Suomesta (Sininen Joutsen)"," Sydänmerkki"],"packagingLabelCodes":["FINNISH_HEART_SYMBOL"," GOODS_FROM_FINLAND_BLUE_SWAN"],"hierarchyPath":[{"id":"1591691235495235","name":"Maidot","slug":"maito-munat-ja-rasvat-0/maidot-ja-piimat/maidot","__typename":"HierarchyPathItem"},{"id":"Herkku_00000122","name":"Maidot ja piimät","slug":"maito-munat-ja-rasvat-0/maidot-ja-piimat","__typename":"HierarchyPathItem"},{"id":"Herkku_00000006","name":"Maito, munat ja rasvat","slug":"maito-munat-ja-rasvat-0","__typename":"HierarchyPathItem"}],"isGlobalFallback":null,"countryName":{"fi":"Suomi","__typename":"CountryName"}},{"id":"6408430000449","ean":"6408430000449","name":"Valio Hyvä suomalainen Arki® kevytmaitojuoma 1 l","price":1.09,"storeId":725782447,"__typename":"Product","approxPrice":false,"basicQuantityUnit":"KPL","comparisonPrice":1.09,"comparisonUnit":"LTR","consumerPackageSize":null,"consumerPackageUnit":null,"priceUnit":"KPL","quantityMultiplier":1,"brandName":"Arki","slug":"valio-hyva-suomalainen-arkir-kevytmaitojuoma-1-l","isAgeLimitedByAlcohol":false,"frozen":false,"packagingLabels":["Hyvää Suomesta (Sininen Joutsen)"],"packagingLabelCodes":["GOODS_FROM_FINLAND_BLUE_SWAN"],"hierarchyPath":[{"id":"1591691235495235","name":"Maidot","slug":"maito-munat-ja-rasvat-0/maidot-ja-piimat/maidot","__typename":"HierarchyPathItem"},{"id":"Herkku_00000122","name":"Maidot ja piimät","slug":"maito-munat-ja-rasvat-0/maidot-ja-piimat","__typename":"HierarchyPathItem"},{"id":"Herkku_00000006","name":"Maito, munat ja rasvat","slug":"maito-munat-ja-rasvat-0","__typename":"HierarchyPathItem"}],"isGlobalFallback":null,"countryName":{"fi":"Suomi","__typename":"CountryName"}},{"id":"6408430000456","ean":"6408430000456","name":"Valio kevytmaito 5 dl","price":1.15,"storeId":725782447,"__typename":"Product","approxPrice":false,"basicQuantityUnit":"KPL","comparisonPrice":2.3,"comparisonUnit":"LTR","consumerPackageSize":null,"consumerPackageUnit":null,"priceUnit":"KPL","quantityMultiplier":1,"brandName":"Valio","slug":"valio-kevytmaito-5-dl","isAgeLimitedByAlcohol":false,"frozen":false,"packagingLabels":["Hyvää Suomesta (Sininen Joutsen)"],"packagingLabelCodes":["GOODS_FROM_FINLAND_BLUE_SWAN"],"hierarchyPath":[{"id":"1591691235495235","name":"Maidot","slug":"maito-munat-ja-rasvat-0/maidot-ja-piimat/maidot","__typename":"HierarchyPathItem"},{"id":"Herkku_00000122","name":"Maidot ja piimät","slug":"maito-munat-ja-rasvat-0/maidot-ja-piimat","__typename":"HierarchyPathItem"},{"id":"Herkku_00000006","name":"Maito, munat ja rasvat","slug":"maito-munat-ja-rasvat-0","__typename":"HierarchyPathItem"}],"isGlobalFallback":null,"countryName":{"fi":"Suomi","__typename":"CountryName"}},{"id":"6408430000586","ean":"6408430000586","name":"Valio Kiehu® maitojuoma 1 l","price":2.25,"storeId":725782447,"__typename":"Product","approxPrice":false,"basicQuantityUnit":"KPL","comparisonPrice":2.25,"comparisonUnit":"LTR","consumerPackageSize":null,"consumerPackageUnit":null,"priceUnit":"KPL","quantityMultiplier":1,"brandName":"Valio","slug":"valio-kiehur-maitojuoma-1-l","isAgeLimitedByAlcohol":false,"frozen":false,"packagingLabels":["Hyvää Suomesta (Sininen Joutsen)"],"packagingLabelCodes":["GOODS_FROM_FINLAND_BLUE_SWAN"],"hierarchyPath":[{"id":"1591691235495237","name":"Erikoismaidot","slug":"maito-munat-ja-rasvat-0/maidot-ja-piimat/erikoismaidot","__typename":"HierarchyPathItem"},{"id":"Herkku_00000122","name":"Maidot ja piimät","slug":"maito-munat-ja-rasvat-0/maidot-ja-piimat","__typename":"HierarchyPathItem"},{"id":"Herkku_00000006","name":"Maito, munat ja rasvat","slug":"maito-munat-ja-rasvat-0","__typename":"HierarchyPathItem"}],"isGlobalFallback":null,"countryName":{"fi":"Suomi","__typename":"CountryName"}},{"id":"6408430000685","ean":"6408430000685","name":"Valio kevytmaito 2,5 dl HYLA® UHT","price":0.79,"storeId":725782447,"__typename":"Product","approxPrice":false,"basicQuantityUnit":"KPL","comparisonPrice":3.16,"comparisonUnit":"LTR","consumerPackageSize":null,"consumerPackageUnit":null,"priceUnit":"KPL","quantityMultiplier":1,"brandName":"Valio","slug":"valio-kevytmaito-2-5-dl-hylar-uht","isAgeLimitedByAlcohol":false,"frozen":false,"packagingLabels":["Hyvää Suomesta (Sininen Joutsen)"],"packagingLabelCodes":["GOODS_FROM_FINLAND_BLUE_SWAN"],"hierarchyPath":[{"id":"1591691235495236","name":"Laktoosittomat ja vähälaktoosiset maidot","slug":"maito-munat-ja-rasvat-0/maidot-ja-piimat/laktoosittomat-ja-vahalaktoosiset-maidot","__typename":"HierarchyPathItem"},{"id":"Herkku_00000122","name":"Maidot ja piimät","slug":"maito-munat-ja-rasvat-0/maidot-ja-piimat","__typename":"HierarchyPathItem"},{"id":"Herkku_00000006","name":"Maito, munat ja rasvat","slug":"maito-munat-ja-rasvat-0","__typename":"HierarchyPathItem"}],"isGlobalFallback":null,"countryName":{"fi":"Suomi","__typename":"CountryName"}},{"id":"6408430001323","ean":"6408430001323","name":"Valio kahvimaito 5 dl laktoositon","price":2.25,"storeId":725782447,"__typename":"Product","approxPrice":false,"basicQuantityUnit":"KPL","comparisonPrice":4.5,"comparisonUnit":"LTR","consumerPackageSize":null,"consumerPackageUnit":null,"priceUnit":"KPL","quantityMultiplier":1,"brandName":"Valio","slug":"valio-kahvimaito-5-dl-laktoositon","isAgeLimitedByAlcohol":false,"frozen":false,"packagingLabels":["Hyvää Suomesta (Sininen Joutsen)"],"packagingLabelCodes":["GOODS_FROM_FINLAND_BLUE_SWAN"],"hierarchyPath":[{"id":"1591691235495237","name":"Erikoismaidot","slug":"maito-munat-ja-rasvat-0/maidot-ja-piimat/erikoismaidot","__typename":"HierarchyPathItem"},{"id":"Herkku_00000122","name":"Maidot ja piimät","slug":"maito-munat-ja-rasvat-0/maidot-ja-piimat","__typename":"HierarchyPathItem"},{"id":"Herkku_00000006","name":"Maito, munat ja rasvat","slug":"maito-munat-ja-rasvat-0","__typename":"HierarchyPathItem"}],"isGlobalFallback":null,"countryName":{"fi":"Suomi","__typename":"CountryName"}},{"id":"6408430001415","ean":"6408430001415","name":"Valio kuohukerma 2 dl","price":1.69,"storeId":725782447,"__typename":"Product","approxPrice":false,"basicQuantityUnit":"KPL","comparisonPrice":8.45,"comparisonUnit":"LTR","consumerPackageSize":null,"consumerPackageUnit":null,"priceUnit":"KPL","quantityMultiplier":1,"brandName":"Valio","slug":"valio-kuohukerma-2-dl","isAgeLimitedByAlcohol":false,"frozen":false,"packagingLabels":["Hyvää Suomesta (Sininen Joutsen)"],"packagingLabelCodes":["GOODS_FROM_FINLAND_BLUE_SWAN"],"hierarchyPath":[{"id":"1591691235643738","name":"Kuohukermat","slug":"maito-munat-ja-rasvat-0/kermat/kuohukermat","__typename":"HierarchyPathItem"},{"id":"1591691235643733","name":"Kermat","slug":"maito-munat-ja-rasvat-0/kermat","__typename":"HierarchyPathItem"},{"id":"Herkku_00000006","name":"Maito, munat ja rasvat","slug":"maito-munat-ja-rasvat-0","__typename":"HierarchyPathItem"}],"isGlobalFallback":null,"countryName":{"fi":"Suomi","__typename":"CountryName"}},{"id":"6408430001705","ean":"6408430001705","name":"Valio rasvaton piimä 1 l","price":1.55,"storeId":725782447,"__typename":"Product","approxPrice":false,"basicQuantityUnit":"KPL","comparisonPrice":1.55,"comparisonUnit":"LTR","consumerPackageSize":null,"consumerPackageUnit":null,"priceUnit":"KPL","quantityMultiplier":1,"brandName":"Valio","slug":"valio-rasvaton-piima-1-l","isAgeLimitedByAlcohol":false,"frozen":false,"packagingLabels":["Hyvää Suomesta (Sininen Joutsen)"," Sydänmerkki"],"packagingLabelCodes":["FINNISH_HEART_SYMBOL"," GOODS_FROM_FINLAND_BLUE_SWAN"],"hierarchyPath":[{"id":"Herkku_00000682","name":"Piimät","slug":"maito-munat-ja-rasvat-0/maidot-ja-piimat/piimat","__typename":"HierarchyPathItem"},{"id":"Herkku_00000122","name":"Maidot ja piimät","slug":"maito-munat-ja-rasvat-0/maidot-ja-piimat","__typename":"HierarchyPathItem"},{"id":"Herkku_00000006","name":"Maito, munat ja rasvat","slug":"maito-munat-ja-rasvat-0","__typename":"HierarchyPathItem"}],"isGlobalFallback":null,"countryName":{"fi":"Suomi","__typename":"CountryName"}},{"id":"6408430001781","ean":"6408430001781","name":"Valio rasvaton piimä 1 l HYLA®","price":2.15,"storeId":725782447,"__typename":"Product","approxPrice":false,"basicQuantityUnit":"KPL","comparisonPrice":2.15,"comparisonUnit":"LTR","consumerPackageSize":null,"consumerPackageUnit":null,"priceUnit":"KPL","quantityMultiplier":1,"brandName":"Valio","slug":"valio-rasvaton-piima-1-l-hylar","isAgeLimitedByAlcohol":false,"frozen":false,"packagingLabels":["Hyvää Suomesta (Sininen Joutsen)"," Sydänmerkki"],"packagingLabelCodes":["FINNISH_HEART_SYMBOL"," GOODS_FROM_FINLAND_BLUE_SWAN"],"hierarchyPath":[{"id":"Herkku_00000682","name":"Piimät","slug":"maito-munat-ja-rasvat-0/maidot-ja-piimat/piimat","__typename":"HierarchyPathItem"},{"id":"Herkku_00000122","name":"Maidot ja piimät","slug":"maito-munat-ja-rasvat-0/maidot-ja-piimat","__typename":"HierarchyPathItem"},{"id":"Herkku_00000006","name":"Maito, munat ja rasvat","slug":"maito-munat-ja-rasvat-0","__typename":"HierarchyPathItem"}],"isGlobalFallback":null,"countryName":{"fi":"Suomi","__typename":"CountryName"}},{"id":"6408430001811","ean":"6408430001811","name":"Valio AB® piimä 1 l (Asidofilus-Bifidus)","price":2.15,"storeId":725782447,"__typename":"Product","approxPrice":false,"basicQuantityUnit":"KPL","comparisonPrice":2.15,"comparisonUnit":"LTR","consumerPackageSize":null,"consumerPackageUnit":null,"priceUnit":"KPL","quantityMultiplier":1,"brandName":"Valio","slug":"valio-abr-piima-1-l-asidofilus-bifidus","isAgeLimitedByAlcohol":false,"frozen":false,"packagingLabels":["Hyvää Suomesta (Sininen Joutsen)"],"packagingLabelCodes":["GOODS_FROM_FINLAND_BLUE_SWAN"],"hierarchyPath":[{"id":"Herkku_00000682","name":"Piimät","slug":"maito-munat-ja-rasvat-0/maidot-ja-piimat/piimat","__typename":"HierarchyPathItem"},{"id":"Herkku_00000122","name":"Maidot ja piimät","slug":"maito-munat-ja-rasvat-0/maidot-ja-piimat","__typename":"HierarchyPathItem"},{"id":"Herkku_00000006","name":"Maito, munat ja rasvat","slug":"maito-munat-ja-rasvat-0","__typename":"HierarchyPathItem"}],"isGlobalFallback":null,"countryName":{"fi":"Suomi","__typename":"CountryName"}},{"id":"6408430001934","ean":"6408430001934","name":"Valio Gefilus® piimä 1 l rasvaton","price":2.09,"storeId":725782447,"__typename":"Product","approxPrice":false,"basicQuantityUnit":"KPL","comparisonPrice":2.09,"comparisonUnit":"LTR","consumerPackageSize":null,"consumerPackageUnit":null,"priceUnit":"KPL","quantityMultiplier":1,"brandName":"Gefilus","slug":"valio-gefilusr-piima-1-l-rasvaton","isAgeLimitedByAlcohol":false,"frozen":false,"packagingLabels":["Hyvää Suomesta (Sininen Joutsen)"," Sydänmerkki"],"packagingLabelCodes":["FINNISH_HEART_SYMBOL"," GOODS_FROM_FINLAND_BLUE_SWAN"],"hierarchyPath":[{"id":"Herkku_00000682","name":"Piimät","slug":"maito-munat-ja-rasvat-0/maidot-ja-piimat/piimat","__typename":"HierarchyPathItem"},{"id":"Herkku_00000122","name":"Maidot ja piimät","slug":"maito-munat-ja-rasvat-0/maidot-ja-piimat","__typename":"HierarchyPathItem"},{"id":"Herkku_00000006","name":"Maito, munat ja rasvat","slug":"maito-munat-ja-rasvat-0","__typename":"HierarchyPathItem"}],"isGlobalFallback":null,"countryName":{"fi":"Suomi","__typename":"CountryName"}},{"id":"6408430002016","ean":"6408430002016","name":"Valiojogurtti® 200 g mansikka laktoositon","price":0.65,"storeId":725782447,"__typename":"Product","approxPrice":false,"basicQuantityUnit":"KPL","comparisonPrice":3.25,"comparisonUnit":"KGM","consumerPackageSize":null,"consumerPackageUnit":null,"priceUnit":"KPL","quantityMultiplier":1,"brandName":"Valiojogurtti","slug":"valiojogurttir-200-g-mansikka-laktoositon","isAgeLimitedByAlcohol":false,"frozen":false,"packagingLabels":["Hyvää Suomesta (Sininen Joutsen)"],"packagingLabelCodes":["GOODS_FROM_FINLAND_BLUE_SWAN"],"hierarchyPath":[{"id":"1591691235643803","name":"Maustetut jogurtit","slug":"maito-munat-ja-rasvat-0/jogurtit/maustetut-jogurtit","__typename":"HierarchyPathItem"},{"id":"Herkku_00000118","name":"Jogurtit","slug":"maito-munat-ja-rasvat-0/jogurtit","__typename":"HierarchyPathItem"},{"id":"Herkku_00000006","name":"Maito, munat ja rasvat","slug":"maito-munat-ja-rasvat-0","__typename":"HierarchyPathItem"}],"isGlobalFallback":null,"countryName":{"fi":"Suomi","__typename":"CountryName"}},{"id":"6408430002023","ean":"6408430002023","name":"Valiojogurtti® 200 g banaani laktoositon","price":0.65,"storeId":725782447,"__typename":"Product","approxPrice":false,"basicQuantityUnit":"KPL","comparisonPrice":3.25,"comparisonUnit":"KGM","consumerPackageSize":null,"consumerPackageUnit":null,"priceUnit":"KPL","quantityMultiplier":1,"brandName":"Valiojogurtti","slug":"valiojogurttir-200-g-banaani-laktoositon","isAgeLimitedByAlcohol":false,"frozen":false,"packagingLabels":["Hyvää Suomesta (Sininen Joutsen)"],"packagingLabelCodes":["GOODS_FROM_FINLAND_BLUE_SWAN"],"hierarchyPath":[{"id":"1591691235643803","name":"Maustetut jogurtit","slug":"maito-munat-ja-rasvat-0/jogurtit/maustetut-jogurtit","__typename":"HierarchyPathItem"},{"id":"Herkku_00000118","name":"Jogurtit","slug":"maito-munat-ja-rasvat-0/jogurtit","__typename":"HierarchyPathItem"},{"id":"Herkku_00000006","name":"Maito, munat ja rasvat","slug":"maito-munat-ja-rasvat-0","__typename":"HierarchyPathItem"}],"isGlobalFallback":null,"countryName":{"fi":"Suomi","__typename":"CountryName"}},{"id":"6408430002030","ean":"6408430002030","name":"Valiojogurtti® 200 g hedelmäpommi laktoositon","price":0.65,"storeId":725782447,"__typename":"Product","approxPrice":false,"basicQuantityUnit":"KPL","comparisonPrice":3.25,"comparisonUnit":"KGM","consumerPackageSize":null,"consumerPackageUnit":null,"priceUnit":"KPL","quantityMultiplier":1,"brandName":"Valiojogurtti","slug":"valiojogurttir-200-g-hedelmapommi-laktoositon","isAgeLimitedByAlcohol":false,"frozen":false,"packagingLabels":["Hyvää Suomesta (Sininen Joutsen)"],"packagingLabelCodes":["GOODS_FROM_FINLAND_BLUE_SWAN"],"hierarchyPath":[{"id":"1591691235643803","name":"Maustetut jogurtit","slug":"maito-munat-ja-rasvat-0/jogurtit/maustetut-jogurtit","__typename":"HierarchyPathItem"},{"id":"Herkku_00000118","name":"Jogurtit","slug":"maito-munat-ja-rasvat-0/jogurtit","__typename":"HierarchyPathItem"},{"id":"Herkku_00000006","name":"Maito, munat ja rasvat","slug":"maito-munat-ja-rasvat-0","__typename":"HierarchyPathItem"}],"isGlobalFallback":null,"countryName":{"fi":"Suomi","__typename":"CountryName"}},{"id":"6408430002283","ean":"6408430002283","name":"Valiojogurtti® 200 g mustikka laktoositon","price":0.65,"storeId":725782447,"__typename":"Product","approxPrice":false,"basicQuantityUnit":"KPL","comparisonPrice":3.25,"comparisonUnit":"KGM","consumerPackageSize":null,"consumerPackageUnit":null,"priceUnit":"KPL","quantityMultiplier":1,"brandName":"Valiojogurtti","slug":"valiojogurttir-200-g-mustikka-laktoositon","isAgeLimitedByAlcohol":false,"frozen":false,"packagingLabels":["Hyvää Suomesta (Sininen Joutsen)"],"packagingLabelCodes":["GOODS_FROM_FINLAND_BLUE_SWAN"],"hierarchyPath":[{"id":"1591691235643803","name":"Maustetut jogurtit","slug":"maito-munat-ja-rasvat-0/jogurtit/maustetut-jogurtit","__typename":"HierarchyPathItem"},{"id":"Herkku_00000118","name":"Jogurtit","slug":"maito-munat-ja-rasvat-0/jogurtit","__typename":"HierarchyPathItem"},{"id":"Herkku_00000006","name":"Maito, munat ja rasvat","slug":"maito-munat-ja-rasvat-0","__typename":"HierarchyPathItem"}],"isGlobalFallback":null,"countryName":{"fi":"Suomi","__typename":"CountryName"}},{"id":"6408430002801","ean":"6408430002801","name":"Valio Bulgarian jogurtti 200 g","price":1.05,"storeId":725782447,"__typename":"Product","approxPrice":false,"basicQuantityUnit":"KPL","comparisonPrice":5.25,"comparisonUnit":"KGM","consumerPackageSize":null,"consumerPackageUnit":null,"priceUnit":"KPL","quantityMultiplier":1,"brandName":"Valio","slug":"valio-bulgarian-jogurtti-200-g","isAgeLimitedByAlcohol":false,"frozen":false,"packagingLabels":["Hyvää Suomesta (Sininen Joutsen)"],"packagingLabelCodes":["GOODS_FROM_FINLAND_BLUE_SWAN"],"hierarchyPath":[{"id":"1591691235643804","name":"Maustamattomat jogurtit","slug":"maito-munat-ja-rasvat-0/jogurtit/maustamattomat-jogurtit","__typename":"HierarchyPathItem"},{"id":"Herkku_00000118","name":"Jogurtit","slug":"maito-munat-ja-rasvat-0/jogurtit","__typename":"HierarchyPathItem"},{"id":"Herkku_00000006","name":"Maito, munat ja rasvat","slug":"maito-munat-ja-rasvat-0","__typename":"HierarchyPathItem"}],"isGlobalFallback":null,"countryName":{"fi":"Suomi","__typename":"CountryName"}},{"id":"6408430002986","ean":"6408430002986","name":"Valio OLO™ jogurtti 4x125 g mansikka laktoositon","price":2.89,"storeId":725782447,"__typename":"Product","approxPrice":false,"basicQuantityUnit":"KPL","comparisonPrice":5.78,"comparisonUnit":"KGM","consumerPackageSize":null,"consumerPackageUnit":null,"priceUnit":"KPL","quantityMultiplier":1,"brandName":"OLO","slug":"valio-olotm-jogurtti-4x125-g-mansikka-laktoositon","isAgeLimitedByAlcohol":false,"frozen":false,"packagingLabels":["Hyvää Suomesta (Sininen Joutsen)"],"packagingLabelCodes":["GOODS_FROM_FINLAND_BLUE_SWAN"],"hierarchyPath":[{"id":"1591691235643823","name":"Terveysvaikutteiset jogurtit","slug":"maito-munat-ja-rasvat-0/jogurtit/terveysvaikutteiset-jogurtit","__typename":"HierarchyPathItem"},{"id":"Herkku_00000118","name":"Jogurtit","slug":"maito-munat-ja-rasvat-0/jogurtit","__typename":"HierarchyPathItem"},{"id":"Herkku_00000006","name":"Maito, munat ja rasvat","slug":"maito-munat-ja-rasvat-0","__typename":"HierarchyPathItem"}],"isGlobalFallback":null,"countryName":{"fi":"Suomi","__typename":"CountryName"}},{"id":"6408430004324","ean":"6408430004324","name":"Valio kevytviili 200 g","price":0.62,"storeId":725782447,"__typename":"Product","approxPrice":false,"basicQuantityUnit":"KPL","comparisonPrice":3.1,"comparisonUnit":"KGM","consumerPackageSize":null,"consumerPackageUnit":null,"priceUnit":"KPL","quantityMultiplier":1,"brandName":"Valio","slug":"valio-kevytviili-200-g","isAgeLimitedByAlcohol":false,"frozen":false,"packagingLabels":["Hyvää Suomesta (Sininen Joutsen)"],"packagingLabelCodes":["GOODS_FROM_FINLAND_BLUE_SWAN"],"hierarchyPath":[{"id":"Herkku_00000631","name":"Maustamattomat viilit","slug":"maito-munat-ja-rasvat-0/viilit/maustamattomat-viilit","__typename":"HierarchyPathItem"},{"id":"Herkku_00000117","name":"Viilit","slug":"maito-munat-ja-rasvat-0/viilit","__typename":"HierarchyPathItem"},{"id":"Herkku_00000006","name":"Maito, munat ja rasvat","slug":"maito-munat-ja-rasvat-0","__typename":"HierarchyPathItem"}],"isGlobalFallback":null,"countryName":{"fi":"Suomi","__typename":"CountryName"}},{"id":"6408430005499","ean":"6408430005499","name":"Valio jäätelö tuutti 112 ml kreisi kinuski laktoositon","price":1.75,"storeId":725782447,"__typename":"Product","approxPrice":false,"basicQuantityUnit":"KPL","comparisonPrice":24.31,"comparisonUnit":"KGM","consumerPackageSize":null,"consumerPackageUnit":null,"priceUnit":"KPL","quantityMultiplier":1,"brandName":"Valio","slug":"valio-jaatelo-tuutti-112-ml-kreisi-kinuski-laktoositon","isAgeLimitedByAlcohol":false,"frozen":true,"packagingLabels":[],"packagingLabelCodes":[],"hierarchyPath":[{"id":"1591691225905928","name":"Yksittäiset jäätelöt","slug":"pakasteet-1/jaatelot/yksittaiset-jaatelot","__typename":"HierarchyPathItem"},{"id":"Herkku_00000130","name":"Jäätelöt","slug":"pakasteet-1/jaatelot","__typename":"HierarchyPathItem"},{"id":"Herkku_00000013","name":"Pakasteet","slug":"pakasteet-1","__typename":"HierarchyPathItem"}],"isGlobalFallback":null,"countryName":{"fi":"Suomi","__typename":"CountryName"}},{"id":"6408430005598","ean":"6408430005598","name":"Valio jäätelö 480 ml lakka-kinuskikrokantti laktoositon","price":5.49,"storeId":725782447,"__typename":"Product","approxPrice":false,"basicQuantityUnit":"KPL","comparisonPrice":11.44,"comparisonUnit":"LTR","consumerPackageSize":null,"consumerPackageUnit":null,"priceUnit":"KPL","quantityMultiplier":1,"brandName":"Valio","slug":"valio-jaatelo-480-ml-lakka-kinuskikrokantti-laktoositon","isAgeLimitedByAlcohol":false,"frozen":true,"packagingLabels":[],"packagingLabelCodes":[],"hierarchyPath":[{"id":"1591691225905930","name":"Jäätelöpakkaukset","slug":"pakasteet-1/jaatelot/jaatelopakkaukset","__typename":"HierarchyPathItem"},{"id":"Herkku_00000130","name":"Jäätelöt","slug":"pakasteet-1/jaatelot","__typename":"HierarchyPathItem"},{"id":"Herkku_00000013","name":"Pakasteet","slug":"pakasteet-1","__typename":"HierarchyPathItem"}],"isGlobalFallback":null,"countryName":{"fi":"Suomi","__typename":"CountryName"}},{"id":"6408430006007","ean":"6408430006007","name":"Valio appelsiinitäysmehu 1 l perinteinen","price":1.99,"storeId":725782447,"__typename":"Product","approxPrice":false,"basicQuantityUnit":"KPL","comparisonPrice":1.99,"comparisonUnit":"LTR","consumerPackageSize":null,"consumerPackageUnit":null,"priceUnit":"KPL","quantityMultiplier":1,"brandName":"Valio","slug":"valio-appelsiinitaysmehu-1-l-perinteinen","isAgeLimitedByAlcohol":false,"frozen":false,"packagingLabels":[],"packagingLabelCodes":[],"hierarchyPath":[{"id":"Herkku_00000665","name":"Appelsiinimehut","slug":"juomat-1/mehut/appelsiinimehut","__typename":"HierarchyPathItem"},{"id":"Herkku_00000120","name":"Mehut","slug":"juomat-1/mehut","__typename":"HierarchyPathItem"},{"id":"Herkku_00000005","name":"Juomat","slug":"juomat-1","__typename":"HierarchyPathItem"}],"isGlobalFallback":null,"countryName":{"fi":"Suomi","__typename":"CountryName"}},{"id":"6408430006137","ean":"6408430006137","name":"Valio 3 hedelmän mehu 1 l (rypäle, appelsiini, passiohedelmä)","price":2.65,"storeId":725782447,"__typename":"Product","approxPrice":false,"basicQuantityUnit":"KPL","comparisonPrice":2.65,"comparisonUnit":"LTR","consumerPackageSize":null,"consumerPackageUnit":null,"priceUnit":"KPL","quantityMultiplier":1,"brandName":"Valio","slug":"valio-3-hedelman-mehu-1-l-rypale-appelsiini-passiohedelma","isAgeLimitedByAlcohol":false,"frozen":false,"packagingLabels":[],"packagingLabelCodes":[],"hierarchyPath":[{"id":"Herkku_00000658","name":"Muut hedelmämehut","slug":"juomat-1/mehut/muut-hedelmamehut","__typename":"HierarchyPathItem"},{"id":"Herkku_00000120","name":"Mehut","slug":"juomat-1/mehut","__typename":"HierarchyPathItem"},{"id":"Herkku_00000005","name":"Juomat","slug":"juomat-1","__typename":"HierarchyPathItem"}],"isGlobalFallback":null,"countryName":{"fi":"Suomi","__typename":"CountryName"}},{"id":"6408430011605","ean":"6408430011605","name":"Valio Eila® kevytmaitojuoma 2,5 dl UHT laktoositon","price":1.15,"storeId":725782447,"__typename":"Product","approxPrice":false,"basicQuantityUnit":"KPL","comparisonPrice":4.6,"comparisonUnit":"LTR","consumerPackageSize":null,"consumerPackageUnit":null,"priceUnit":"KPL","quantityMultiplier":1,"brandName":"Eila","slug":"valio-eilar-kevytmaitojuoma-2-5-dl-uht-laktoositon","isAgeLimitedByAlcohol":false,"frozen":false,"packagingLabels":["Hyvää Suomesta (Sininen Joutsen)"],"packagingLabelCodes":["GOODS_FROM_FINLAND_BLUE_SWAN"],"hierarchyPath":[{"id":"1591691235495236","name":"Laktoosittomat ja vähälaktoosiset maidot","slug":"maito-munat-ja-rasvat-0/maidot-ja-piimat/laktoosittomat-ja-vahalaktoosiset-maidot","__typename":"HierarchyPathItem"},{"id":"Herkku_00000122","name":"Maidot ja piimät","slug":"maito-munat-ja-rasvat-0/maidot-ja-piimat","__typename":"HierarchyPathItem"},{"id":"Herkku_00000006","name":"Maito, munat ja rasvat","slug":"maito-munat-ja-rasvat-0","__typename":"HierarchyPathItem"}],"isGlobalFallback":null,"countryName":{"fi":"Suomi","__typename":"CountryName"}},{"id":"6408430011629","ean":"6408430011629","name":"Valio PROfeel® proteiinijuoma minttukaakao 2,5 dl UHT laktoositon","price":1.89,"storeId":725782447,"__typename":"Product","approxPrice":false,"basicQuantityUnit":"KPL","comparisonPrice":7.56,"comparisonUnit":"LTR","consumerPackageSize":null,"consumerPackageUnit":null,"priceUnit":"KPL","quantityMultiplier":1,"brandName":"Profeel","slug":"valio-profeelr-proteiinijuoma-minttukaakao-2-5-dl-uht-laktoositon","isAgeLimitedByAlcohol":false,"frozen":false,"packagingLabels":["Hyvää Suomesta (Sininen Joutsen)"],"packagingLabelCodes":["GOODS_FROM_FINLAND_BLUE_SWAN"],"hierarchyPath":[{"id":"Herkku_00000973","name":"Maitopohjaiset proteiinijuomat","slug":"luontaistuotteet-ja-lisaravinteet-1/urheiluravinnejuomat/maitopohjaiset-proteiinijuomat","__typename":"HierarchyPathItem"},{"id":"Herkku_00000158","name":"Urheiluravinnejuomat","slug":"luontaistuotteet-ja-lisaravinteet-1/urheiluravinnejuomat","__typename":"HierarchyPathItem"},{"id":"Herkku_00000016","name":"Luontaistuotteet ja lisäravinteet","slug":"luontaistuotteet-ja-lisaravinteet-1","__typename":"HierarchyPathItem"}],"isGlobalFallback":null,"countryName":{"fi":"Suomi","__typename":"CountryName"}},{"id":"6408430011667","ean":"6408430011667","name":"Valio kevytmaito 1 l HYLA® UHT","price":2.49,"storeId":725782447,"__typename":"Product","approxPrice":false,"basicQuantityUnit":"KPL","comparisonPrice":2.49,"comparisonUnit":"LTR","consumerPackageSize":null,"consumerPackageUnit":null,"priceUnit":"KPL","quantityMultiplier":1,"brandName":"Valio","slug":"valio-kevytmaito-1-l-hylar-uht","isAgeLimitedByAlcohol":false,"frozen":false,"packagingLabels":["Hyvää Suomesta (Sininen Joutsen)"],"packagingLabelCodes":["GOODS_FROM_FINLAND_BLUE_SWAN"],"hierarchyPath":[{"id":"1591691235495236","name":"Laktoosittomat ja vähälaktoosiset maidot","slug":"maito-munat-ja-rasvat-0/maidot-ja-piimat/laktoosittomat-ja-vahalaktoosiset-maidot","__typename":"HierarchyPathItem"},{"id":"Herkku_00000122","name":"Maidot ja piimät","slug":"maito-munat-ja-rasvat-0/maidot-ja-piimat","__typename":"HierarchyPathItem"},{"id":"Herkku_00000006","name":"Maito, munat ja rasvat","slug":"maito-munat-ja-rasvat-0","__typename":"HierarchyPathItem"}],"isGlobalFallback":null,"countryName":{"fi":"Suomi","__typename":"CountryName"}},{"id":"6408430011674","ean":"6408430011674","name":"Valio täysmaito 1 l HYLA® UHT","price":2.65,"storeId":725782447,"__typename":"Product","approxPrice":false,"basicQuantityUnit":"KPL","comparisonPrice":2.65,"comparisonUnit":"LTR","consumerPackageSize":null,"consumerPackageUnit":null,"priceUnit":"KPL","quantityMultiplier":1,"brandName":"Valio","slug":"valio-taysmaito-1-l-hylar-uht","isAgeLimitedByAlcohol":false,"frozen":false,"packagingLabels":["Hyvää Suomesta (Sininen Joutsen)"],"packagingLabelCodes":["GOODS_FROM_FINLAND_BLUE_SWAN"],"hierarchyPath":[{"id":"1591691235495235","name":"Maidot","slug":"maito-munat-ja-rasvat-0/maidot-ja-piimat/maidot","__typename":"HierarchyPathItem"},{"id":"Herkku_00000122","name":"Maidot ja piimät","slug":"maito-munat-ja-rasvat-0/maidot-ja-piimat","__typename":"HierarchyPathItem"},{"id":"Herkku_00000006","name":"Maito, munat ja rasvat","slug":"maito-munat-ja-rasvat-0","__typename":"HierarchyPathItem"}],"isGlobalFallback":null,"countryName":{"fi":"Suomi","__typename":"CountryName"}},{"id":"6408430014477","ean":"6408430014477","name":"Valio kuohukerma 3,3 dl laktoositon","price":3.49,"storeId":725782447,"__typename":"Product","approxPrice":false,"basicQuantityUnit":"KPL","comparisonPrice":10.58,"comparisonUnit":"LTR","consumerPackageSize":null,"consumerPackageUnit":null,"priceUnit":"KPL","quantityMultiplier":1,"brandName":"Valio","slug":"valio-kuohukerma-3-3-dl-laktoositon","isAgeLimitedByAlcohol":false,"frozen":false,"packagingLabels":["Hyvää Suomesta (Sininen Joutsen)"],"packagingLabelCodes":["GOODS_FROM_FINLAND_BLUE_SWAN"],"hierarchyPath":[{"id":"1591691235643738","name":"Kuohukermat","slug":"maito-munat-ja-rasvat-0/kermat/kuohukermat","__typename":"HierarchyPathItem"},{"id":"1591691235643733","name":"Kermat","slug":"maito-munat-ja-rasvat-0/kermat","__typename":"HierarchyPathItem"},{"id":"Herkku_00000006","name":"Maito, munat ja rasvat","slug":"maito-munat-ja-rasvat-0","__typename":"HierarchyPathItem"}],"isGlobalFallback":null,"countryName":{"fi":"Suomi","__typename":"CountryName"}},{"id":"6408430014484","ean":"6408430014484","name":"Valio kahvikerma 10 % 3,3 dl laktoositon","price":2.69,"storeId":725782447,"__typename":"Product","approxPrice":false,"basicQuantityUnit":"KPL","comparisonPrice":8.15,"comparisonUnit":"LTR","consumerPackageSize":null,"consumerPackageUnit":null,"priceUnit":"KPL","quantityMultiplier":1,"brandName":"Valio","slug":"valio-kahvikerma-10-3-3-dl-laktoositon","isAgeLimitedByAlcohol":false,"frozen":false,"packagingLabels":["Hyvää Suomesta (Sininen Joutsen)"],"packagingLabelCodes":["GOODS_FROM_FINLAND_BLUE_SWAN"],"hierarchyPath":[{"id":"1591691235643738","name":"Kuohukermat","slug":"maito-munat-ja-rasvat-0/kermat/kuohukermat","__typename":"HierarchyPathItem"},{"id":"1591691235643733","name":"Kermat","slug":"maito-munat-ja-rasvat-0/kermat","__typename":"HierarchyPathItem"},{"id":"Herkku_00000006","name":"Maito, munat ja rasvat","slug":"maito-munat-ja-rasvat-0","__typename":"HierarchyPathItem"}],"isGlobalFallback":null,"countryName":{"fi":"Suomi","__typename":"CountryName"}},{"id":"6408430014729","ean":"6408430014729","name":"Valio ruokakerma 15 % 2 dl UHT laktoositon","price":1.39,"storeId":725782447,"__typename":"Product","approxPrice":false,"basicQuantityUnit":"KPL","comparisonPrice":6.95,"comparisonUnit":"LTR","consumerPackageSize":null,"consumerPackageUnit":null,"priceUnit":"KPL","quantityMultiplier":1,"brandName":"Eila","slug":"valio-ruokakerma-15-2-dl-uht-laktoositon","isAgeLimitedByAlcohol":false,"frozen":false,"packagingLabels":["Hyvää Suomesta (Sininen Joutsen)"],"packagingLabelCodes":["GOODS_FROM_FINLAND_BLUE_SWAN"],"hierarchyPath":[{"id":"1591691235643737","name":"Ruokakermat","slug":"maito-munat-ja-rasvat-0/kermat/ruokakermat","__typename":"HierarchyPathItem"},{"id":"1591691235643733","name":"Kermat","slug":"maito-munat-ja-rasvat-0/kermat","__typename":"HierarchyPathItem"},{"id":"Herkku_00000006","name":"Maito, munat ja rasvat","slug":"maito-munat-ja-rasvat-0","__typename":"HierarchyPathItem"}],"isGlobalFallback":null,"countryName":{"fi":"Suomi","__typename":"CountryName"}},{"id":"6408430014767","ean":"6408430014767","name":"Valio vispikerma 2 dl UHT laktoositon","price":2.49,"storeId":725782447,"__typename":"Product","approxPrice":false,"basicQuantityUnit":"KPL","comparisonPrice":12.45,"comparisonUnit":"LTR","consumerPackageSize":null,"consumerPackageUnit":null,"priceUnit":"KPL","quantityMultiplier":1,"brandName":"Eila","slug":"valio-vispikerma-2-dl-uht-laktoositon","isAgeLimitedByAlcohol":false,"frozen":false,"packagingLabels":["Hyvää Suomesta (Sininen Joutsen)"],"packagingLabelCodes":["GOODS_FROM_FINLAND_BLUE_SWAN"],"hierarchyPath":[{"id":"1591691235643740","name":"Vispikermat","slug":"maito-munat-ja-rasvat-0/kermat/vispikermat","__typename":"HierarchyPathItem"},{"id":"1591691235643733","name":"Kermat","slug":"maito-munat-ja-rasvat-0/kermat","__typename":"HierarchyPathItem"},{"id":"Herkku_00000006","name":"Maito, munat ja rasvat","slug":"maito-munat-ja-rasvat-0","__typename":"HierarchyPathItem"}],"isGlobalFallback":null,"countryName":{"fi":"Suomi","__typename":"CountryName"}},{"id":"6408430014798","ean":"6408430014798","name":"Valio ruokakerma 2,5 dl kolme juustoa UHT laktoositon","price":2.39,"storeId":725782447,"__typename":"Product","approxPrice":false,"basicQuantityUnit":"KPL","comparisonPrice":9.56,"comparisonUnit":"LTR","consumerPackageSize":null,"consumerPackageUnit":null,"priceUnit":"KPL","quantityMultiplier":1,"brandName":"Valio","slug":"valio-ruokakerma-2-5-dl-kolme-juustoa-uht-laktoositon","isAgeLimitedByAlcohol":false,"frozen":false,"packagingLabels":["Hyvää Suomesta (Sininen Joutsen)"],"packagingLabelCodes":["GOODS_FROM_FINLAND_BLUE_SWAN"],"hierarchyPath":[{"id":"1591691235643737","name":"Ruokakermat","slug":"maito-munat-ja-rasvat-0/kermat/ruokakermat","__typename":"HierarchyPathItem"},{"id":"1591691235643733","name":"Kermat","slug":"maito-munat-ja-rasvat-0/kermat","__typename":"HierarchyPathItem"},{"id":"Herkku_00000006","name":"Maito, munat ja rasvat","slug":"maito-munat-ja-rasvat-0","__typename":"HierarchyPathItem"}],"isGlobalFallback":null,"countryName":{"fi":"Suomi","__typename":"CountryName"}},{"id":"6408430014804","ean":"6408430014804","name":"Valio ruokakerma 2,5 dl Pippuripekka pippurijuusto UHT laktoositon","price":2.39,"storeId":725782447,"__typename":"Product","approxPrice":false,"basicQuantityUnit":"KPL","comparisonPrice":9.56,"comparisonUnit":"LTR","consumerPackageSize":null,"consumerPackageUnit":null,"priceUnit":"KPL","quantityMultiplier":1,"brandName":"Valio","slug":"valio-ruokakerma-2-5-dl-pippuripekka-pippurijuusto-uht-laktoositon","isAgeLimitedByAlcohol":false,"frozen":false,"packagingLabels":["Hyvää Suomesta (Sininen Joutsen)"],"packagingLabelCodes":["GOODS_FROM_FINLAND_BLUE_SWAN"],"hierarchyPath":[{"id":"1591691235643737","name":"Ruokakermat","slug":"maito-munat-ja-rasvat-0/kermat/ruokakermat","__typename":"HierarchyPathItem"},{"id":"1591691235643733","name":"Kermat","slug":"maito-munat-ja-rasvat-0/kermat","__typename":"HierarchyPathItem"},{"id":"Herkku_00000006","name":"Maito, munat ja rasvat","slug":"maito-munat-ja-rasvat-0","__typename":"HierarchyPathItem"}],"isGlobalFallback":null,"countryName":{"fi":"Suomi","__typename":"CountryName"}},{"id":"6408430014828","ean":"6408430014828","name":"Valio ruokakerma 2,5 dl kolme sipulia UHT laktoositon","price":2.39,"storeId":725782447,"__typename":"Product","approxPrice":false,"basicQuantityUnit":"KPL","comparisonPrice":9.56,"comparisonUnit":"LTR","consumerPackageSize":null,"consumerPackageUnit":null,"priceUnit":"KPL","quantityMultiplier":1,"brandName":"Valio","slug":"valio-ruokakerma-2-5-dl-kolme-sipulia-uht-laktoositon","isAgeLimitedByAlcohol":false,"frozen":false,"packagingLabels":["Hyvää Suomesta (Sininen Joutsen)"],"packagingLabelCodes":["GOODS_FROM_FINLAND_BLUE_SWAN"],"hierarchyPath":[{"id":"1591691235643737","name":"Ruokakermat","slug":"maito-munat-ja-rasvat-0/kermat/ruokakermat","__typename":"HierarchyPathItem"},{"id":"1591691235643733","name":"Kermat","slug":"maito-munat-ja-rasvat-0/kermat","__typename":"HierarchyPathItem"},{"id":"Herkku_00000006","name":"Maito, munat ja rasvat","slug":"maito-munat-ja-rasvat-0","__typename":"HierarchyPathItem"}],"isGlobalFallback":null,"countryName":{"fi":"Suomi","__typename":"CountryName"}},{"id":"6408430015481","ean":"6408430015481","name":"Valio Hyvä suomalainen Arki® ruokakerma 10 % 2 dl UHT HYLA®","price":0.79,"storeId":725782447,"__typename":"Product","approxPrice":false,"basicQuantityUnit":"KPL","comparisonPrice":3.95,"comparisonUnit":"LTR","consumerPackageSize":null,"consumerPackageUnit":null,"priceUnit":"KPL","quantityMultiplier":1,"brandName":"Arki","slug":"valio-hyva-suomalainen-arkir-ruokakerma-10-2-dl-uht-hylar","isAgeLimitedByAlcohol":false,"frozen":false,"packagingLabels":["Hyvää Suomesta (Sininen Joutsen)"],"packagingLabelCodes":["GOODS_FROM_FINLAND_BLUE_SWAN"],"hierarchyPath":[{"id":"1591691235643737","name":"Ruokakermat","slug":"maito-munat-ja-rasvat-0/kermat/ruokakermat","__typename":"HierarchyPathItem"},{"id":"1591691235643733","name":"Kermat","slug":"maito-munat-ja-rasvat-0/kermat","__typename":"HierarchyPathItem"},{"id":"Herkku_00000006","name":"Maito, munat ja rasvat","slug":"maito-munat-ja-rasvat-0","__typename":"HierarchyPathItem"}],"isGlobalFallback":null,"countryName":{"fi":"Suomi","__typename":"CountryName"}},{"id":"6408430020539","ean":"6408430020539","name":"Valiojogurtti® 1 kg vanilja laktoositon","price":1.99,"storeId":725782447,"__typename":"Product","approxPrice":false,"basicQuantityUnit":"KPL","comparisonPrice":1.99,"comparisonUnit":"KGM","consumerPackageSize":null,"consumerPackageUnit":null,"priceUnit":"KPL","quantityMultiplier":1,"brandName":"Valiojogurtti","slug":"valiojogurttir-1-kg-vanilja-laktoositon","isAgeLimitedByAlcohol":false,"frozen":false,"packagingLabels":["Hyvää Suomesta (Sininen Joutsen)"],"packagingLabelCodes":["GOODS_FROM_FINLAND_BLUE_SWAN"],"hierarchyPath":[{"id":"1591691235643803","name":"Maustetut jogurtit","slug":"maito-munat-ja-rasvat-0/jogurtit/maustetut-jogurtit","__typename":"HierarchyPathItem"},{"id":"Herkku_00000118","name":"Jogurtit","slug":"maito-munat-ja-rasvat-0/jogurtit","__typename":"HierarchyPathItem"},{"id":"Herkku_00000006","name":"Maito, munat ja rasvat","slug":"maito-munat-ja-rasvat-0","__typename":"HierarchyPathItem"}],"isGlobalFallback":null,"countryName":{"fi":"Suomi","__typename":"CountryName"}},{"id":"6408430021024","ean":"6408430021024","name":"Valiojogurtti® 1 kg mansikka laktoositon","price":1.99,"storeId":725782447,"__typename":"Product","approxPrice":false,"basicQuantityUnit":"KPL","comparisonPrice":1.99,"comparisonUnit":"KGM","consumerPackageSize":null,"consumerPackageUnit":null,"priceUnit":"KPL","quantityMultiplier":1,"brandName":"Valiojogurtti","slug":"valiojogurttir-1-kg-mansikka-laktoositon","isAgeLimitedByAlcohol":false,"frozen":false,"packagingLabels":["Hyvää Suomesta (Sininen Joutsen)"],"packagingLabelCodes":["GOODS_FROM_FINLAND_BLUE_SWAN"],"hierarchyPath":[{"id":"1591691235643803","name":"Maustetut jogurtit","slug":"maito-munat-ja-rasvat-0/jogurtit/maustetut-jogurtit","__typename":"HierarchyPathItem"},{"id":"Herkku_00000118","name":"Jogurtit","slug":"maito-munat-ja-rasvat-0/jogurtit","__typename":"HierarchyPathItem"},{"id":"Herkku_00000006","name":"Maito, munat ja rasvat","slug":"maito-munat-ja-rasvat-0","__typename":"HierarchyPathItem"}],"isGlobalFallback":null,"countryName":{"fi":"Suomi","__typename":"CountryName"}},{"id":"6408430021031","ean":"6408430021031","name":"Valiojogurtti® 1 kg banaani laktoositon","price":1.99,"storeId":725782447,"__typename":"Product","approxPrice":false,"basicQuantityUnit":"KPL","comparisonPrice":1.99,"comparisonUnit":"KGM","consumerPackageSize":null,"consumerPackageUnit":null,"priceUnit":"KPL","quantityMultiplier":1,"brandName":"Valiojogurtti","slug":"valiojogurttir-1-kg-banaani-laktoositon","isAgeLimitedByAlcohol":false,"frozen":false,"packagingLabels":["Hyvää Suomesta (Sininen Joutsen)"],"packagingLabelCodes":["GOODS_FROM_FINLAND_BLUE_SWAN"],"hierarchyPath":[{"id":"1591691235643803","name":"Maustetut jogurtit","slug":"maito-munat-ja-rasvat-0/jogurtit/maustetut-jogurtit","__typename":"HierarchyPathItem"},{"id":"Herkku_00000118","name":"Jogurtit","slug":"maito-munat-ja-rasvat-0/jogurtit","__typename":"HierarchyPathItem"},{"id":"Herkku_00000006","name":"Maito, munat ja rasvat","slug":"maito-munat-ja-rasvat-0","__typename":"HierarchyPathItem"}],"isGlobalFallback":null,"countryName":{"fi":"Suomi","__typename":"CountryName"}},{"id":"6408430021048","ean":"6408430021048","name":"Valiojogurtti® 1 kg hedelmäpommi laktoositon","price":1.99,"storeId":725782447,"__typename":"Product","approxPrice":false,"basicQuantityUnit":"KPL","comparisonPrice":1.99,"comparisonUnit":"KGM","consumerPackageSize":null,"consumerPackageUnit":null,"priceUnit":"KPL","quantityMultiplier":1,"brandName":"Valiojogurtti","slug":"valiojogurttir-1-kg-hedelmapommi-laktoositon","isAgeLimitedByAlcohol":false,"frozen":false,"packagingLabels":["Hyvää Suomesta (Sininen Joutsen)"],"packagingLabelCodes":["GOODS_FROM_FINLAND_BLUE_SWAN"],"hierarchyPath":[{"id":"1591691235643803","name":"Maustetut jogurtit","slug":"maito-munat-ja-rasvat-0/jogurtit/maustetut-jogurtit","__typename":"HierarchyPathItem"},{"id":"Herkku_00000118","name":"Jogurtit","slug":"maito-munat-ja-rasvat-0/jogurtit","__typename":"HierarchyPathItem"},{"id":"Herkku_00000006","name":"Maito, munat ja rasvat","slug":"maito-munat-ja-rasvat-0","__typename":"HierarchyPathItem"}],"isGlobalFallback":null,"countryName":{"fi":"Suomi","__typename":"CountryName"}},{"id":"6408430021376","ean":"6408430021376","name":"Valio Hyvä suomalainen Arki® jogurtti 1 kg marjamix","price":1.77,"storeId":725782447,"__typename":"Product","approxPrice":false,"basicQuantityUnit":"KPL","comparisonPrice":1.77,"comparisonUnit":"KGM","consumerPackageSize":null,"consumerPackageUnit":null,"priceUnit":"KPL","quantityMultiplier":1,"brandName":"Arki","slug":"valio-hyva-suomalainen-arkir-jogurtti-1-kg-marjamix","isAgeLimitedByAlcohol":false,"frozen":false,"packagingLabels":["Hyvää Suomesta (Sininen Joutsen)"],"packagingLabelCodes":["GOODS_FROM_FINLAND_BLUE_SWAN"],"hierarchyPath":[{"id":"1591691235643803","name":"Maustetut jogurtit","slug":"maito-munat-ja-rasvat-0/jogurtit/maustetut-jogurtit","__typename":"HierarchyPathItem"},{"id":"Herkku_00000118","name":"Jogurtit","slug":"maito-munat-ja-rasvat-0/jogurtit","__typename":"HierarchyPathItem"},{"id":"Herkku_00000006","name":"Maito, munat ja rasvat","slug":"maito-munat-ja-rasvat-0","__typename":"HierarchyPathItem"}],"isGlobalFallback":null,"countryName":{"fi":"Suomi","__typename":"CountryName"}},{"id":"6408430021581","ean":"6408430021581","name":"Valio Hyvä suomalainen Arki® jogurtti 1 kg mansikka-banaani","price":1.77,"storeId":725782447,"__typename":"Product","approxPrice":false,"basicQuantityUnit":"KPL","comparisonPrice":1.77,"comparisonUnit":"KGM","consumerPackageSize":null,"consumerPackageUnit":null,"priceUnit":"KPL","quantityMultiplier":1,"brandName":"Arki","slug":"valio-hyva-suomalainen-arkir-jogurtti-1-kg-mansikka-banaani","isAgeLimitedByAlcohol":false,"frozen":false,"packagingLabels":["Hyvää Suomesta (Sininen Joutsen)"],"packagingLabelCodes":["GOODS_FROM_FINLAND_BLUE_SWAN"],"hierarchyPath":[{"id":"1591691235643803","name":"Maustetut jogurtit","slug":"maito-munat-ja-rasvat-0/jogurtit/maustetut-jogurtit","__typename":"HierarchyPathItem"},{"id":"Herkku_00000118","name":"Jogurtit","slug":"maito-munat-ja-rasvat-0/jogurtit","__typename":"HierarchyPathItem"},{"id":"Herkku_00000006","name":"Maito, munat ja rasvat","slug":"maito-munat-ja-rasvat-0","__typename":"HierarchyPathItem"}],"isGlobalFallback":null,"countryName":{"fi":"Suomi","__typename":"CountryName"}},{"id":"6408430021598","ean":"6408430021598","name":"Valio Hyvä suomalainen Arki® jogurtti 1 kg persikka-passion","price":1.77,"storeId":725782447,"__typename":"Product","approxPrice":false,"basicQuantityUnit":"KPL","comparisonPrice":1.77,"comparisonUnit":"KGM","consumerPackageSize":null,"consumerPackageUnit":null,"priceUnit":"KPL","quantityMultiplier":1,"brandName":"Arki","slug":"valio-hyva-suomalainen-arkir-jogurtti-1-kg-persikka-passion","isAgeLimitedByAlcohol":false,"frozen":false,"packagingLabels":["Hyvää Suomesta (Sininen Joutsen)"],"packagingLabelCodes":["GOODS_FROM_FINLAND_BLUE_SWAN"],"hierarchyPath":[{"id":"1591691235643803","name":"Maustetut jogurtit","slug":"maito-munat-ja-rasvat-0/jogurtit/maustetut-jogurtit","__typename":"HierarchyPathItem"},{"id":"Herkku_00000118","name":"Jogurtit","slug":"maito-munat-ja-rasvat-0/jogurtit","__typename":"HierarchyPathItem"},{"id":"Herkku_00000006","name":"Maito, munat ja rasvat","slug":"maito-munat-ja-rasvat-0","__typename":"HierarchyPathItem"}],"isGlobalFallback":null,"countryName":{"fi":"Suomi","__typename":"CountryName"}},{"id":"6408430021673","ean":"6408430021673","name":"Valio A+™ luonnonjogurtti 200 g ja marjamysli laktoositon","price":1.72,"storeId":725782447,"__typename":"Product","approxPrice":false,"basicQuantityUnit":"KPL","comparisonPrice":8.6,"comparisonUnit":"KGM","consumerPackageSize":null,"consumerPackageUnit":null,"priceUnit":"KPL","quantityMultiplier":1,"brandName":"Valio A+","slug":"valio-atm-luonnonjogurtti-200-g-ja-marjamysli-laktoositon","isAgeLimitedByAlcohol":false,"frozen":false,"packagingLabels":["Hyvää Suomesta (Sininen Joutsen)"],"packagingLabelCodes":["GOODS_FROM_FINLAND_BLUE_SWAN"],"hierarchyPath":[{"id":"1591691235643804","name":"Maustamattomat jogurtit","slug":"maito-munat-ja-rasvat-0/jogurtit/maustamattomat-jogurtit","__typename":"HierarchyPathItem"},{"id":"Herkku_00000118","name":"Jogurtit","slug":"maito-munat-ja-rasvat-0/jogurtit","__typename":"HierarchyPathItem"},{"id":"Herkku_00000006","name":"Maito, munat ja rasvat","slug":"maito-munat-ja-rasvat-0","__typename":"HierarchyPathItem"}],"isGlobalFallback":null,"countryName":{"fi":"Suomi","__typename":"CountryName"}},{"id":"6408430023080","ean":"6408430023080","name":"Valio OLO™ jogurtti 4x125 g luumu laktoositon","price":2.89,"storeId":725782447,"__typename":"Product","approxPrice":false,"basicQuantityUnit":"KPL","comparisonPrice":5.78,"comparisonUnit":"KGM","consumerPackageSize":null,"consumerPackageUnit":null,"priceUnit":"KPL","quantityMultiplier":1,"brandName":"OLO","slug":"valio-olotm-jogurtti-4x125-g-luumu-laktoositon","isAgeLimitedByAlcohol":false,"frozen":false,"packagingLabels":["Hyvää Suomesta (Sininen Joutsen)"],"packagingLabelCodes":["GOODS_FROM_FINLAND_BLUE_SWAN"],"hierarchyPath":[{"id":"1591691235643823","name":"Terveysvaikutteiset jogurtit","slug":"maito-munat-ja-rasvat-0/jogurtit/terveysvaikutteiset-jogurtit","__typename":"HierarchyPathItem"},{"id":"Herkku_00000118","name":"Jogurtit","slug":"maito-munat-ja-rasvat-0/jogurtit","__typename":"HierarchyPathItem"},{"id":"Herkku_00000006","name":"Maito, munat ja rasvat","slug":"maito-munat-ja-rasvat-0","__typename":"HierarchyPathItem"}],"isGlobalFallback":null,"countryName":{"fi":"Suomi","__typename":"CountryName"}},{"id":"6408430023264","ean":"6408430023264","name":"Valio lohkeava jogurtti 150 g mustikka laktoositon","price":1.25,"storeId":725782447,"__typename":"Product","approxPrice":false,"basicQuantityUnit":"KPL","comparisonPrice":8.33,"comparisonUnit":"KGM","consumerPackageSize":null,"consumerPackageUnit":null,"priceUnit":"KPL","quantityMultiplier":1,"brandName":"Eila","slug":"valio-lohkeava-jogurtti-150-g-mustikka-laktoositon","isAgeLimitedByAlcohol":false,"frozen":false,"packagingLabels":["Hyvää Suomesta (Sininen Joutsen)"],"packagingLabelCodes":["GOODS_FROM_FINLAND_BLUE_SWAN"],"hierarchyPath":[{"id":"1591691235643803","name":"Maustetut jogurtit","slug":"maito-munat-ja-rasvat-0/jogurtit/maustetut-jogurtit","__typename":"HierarchyPathItem"},{"id":"Herkku_00000118","name":"Jogurtit","slug":"maito-munat-ja-rasvat-0/jogurtit","__typename":"HierarchyPathItem"},{"id":"Herkku_00000006","name":"Maito, munat ja rasvat","slug":"maito-munat-ja-rasvat-0","__typename":"HierarchyPathItem"}],"isGlobalFallback":null,"countryName":{"fi":"Suomi","__typename":"CountryName"}},{"id":"6408430023578","ean":"6408430023578","name":"Valio A+™ lisäaineeton jogurtti 150 g mansikka laktoositon","price":1.09,"storeId":725782447,"__typename":"Product","approxPrice":false,"basicQuantityUnit":"KPL","comparisonPrice":7.27,"comparisonUnit":"KGM","consumerPackageSize":null,"consumerPackageUnit":null,"priceUnit":"KPL","quantityMultiplier":1,"brandName":"Valio A+","slug":"valio-atm-lisaaineeton-jogurtti-150-g-mansikka-laktoositon","isAgeLimitedByAlcohol":false,"frozen":false,"packagingLabels":["Hyvää Suomesta (Sininen Joutsen)"],"packagingLabelCodes":["GOODS_FROM_FINLAND_BLUE_SWAN"],"hierarchyPath":[{"id":"1591691235643803","name":"Maustetut jogurtit","slug":"maito-munat-ja-rasvat-0/jogurtit/maustetut-jogurtit","__typename":"HierarchyPathItem"},{"id":"Herkku_00000118","name":"Jogurtit","slug":"maito-munat-ja-rasvat-0/jogurtit","__typename":"HierarchyPathItem"},{"id":"Herkku_00000006","name":"Maito, munat ja rasvat","slug":"maito-munat-ja-rasvat-0","__typename":"HierarchyPathItem"}],"isGlobalFallback":null,"countryName":{"fi":"Suomi","__typename":"CountryName"}},{"id":"6408430023608","ean":"6408430023608","name":"Valio kreikkalainen jogurtti 150 g persikka laktoositon","price":1.39,"storeId":725782447,"__typename":"Product","approxPrice":false,"basicQuantityUnit":"KPL","comparisonPrice":9.27,"comparisonUnit":"KGM","consumerPackageSize":null,"consumerPackageUnit":null,"priceUnit":"KPL","quantityMultiplier":1,"brandName":"Valio","slug":"valio-kreikkalainen-jogurtti-150-g-persikka-laktoositon","isAgeLimitedByAlcohol":false,"frozen":false,"packagingLabels":["Hyvää Suomesta (Sininen Joutsen)"],"packagingLabelCodes":["GOODS_FROM_FINLAND_BLUE_SWAN"],"hierarchyPath":[{"id":"1591691235643803","name":"Maustetut jogurtit","slug":"maito-munat-ja-rasvat-0/jogurtit/maustetut-jogurtit","__typename":"HierarchyPathItem"},{"id":"Herkku_00000118","name":"Jogurtit","slug":"maito-munat-ja-rasvat-0/jogurtit","__typename":"HierarchyPathItem"},{"id":"Herkku_00000006","name":"Maito, munat ja rasvat","slug":"maito-munat-ja-rasvat-0","__typename":"HierarchyPathItem"}],"isGlobalFallback":null,"countryName":{"fi":"Suomi","__typename":"CountryName"}},{"id":"6408430024209","ean":"6408430024209","name":"Valio A+™ luonnonjogurtti 1 kg laktoositon","price":2.59,"storeId":725782447,"__typename":"Product","approxPrice":false,"basicQuantityUnit":"KPL","comparisonPrice":2.59,"comparisonUnit":"KGM","consumerPackageSize":null,"consumerPackageUnit":null,"priceUnit":"KPL","quantityMultiplier":1,"brandName":"Valio A+","slug":"valio-atm-luonnonjogurtti-1-kg-laktoositon","isAgeLimitedByAlcohol":false,"frozen":false,"packagingLabels":["Hyvää Suomesta (Sininen Joutsen)"],"packagingLabelCodes":["GOODS_FROM_FINLAND_BLUE_SWAN"],"hierarchyPath":[{"id":"1591691235643804","name":"Maustamattomat jogurtit","slug":"maito-munat-ja-rasvat-0/jogurtit/maustamattomat-jogurtit","__typename":"HierarchyPathItem"},{"id":"Herkku_00000118","name":"Jogurtit","slug":"maito-munat-ja-rasvat-0/jogurtit","__typename":"HierarchyPathItem"},{"id":"Herkku_00000006","name":"Maito, munat ja rasvat","slug":"maito-munat-ja-rasvat-0","__typename":"HierarchyPathItem"}],"isGlobalFallback":null,"countryName":{"fi":"Suomi","__typename":"CountryName"}},{"id":"6408430024308","ean":"6408430024308","name":"Valio A+™ luonnonjogurtti 1 kg rasvaton laktoositon","price":2.59,"storeId":725782447,"__typename":"Product","approxPrice":false,"basicQuantityUnit":"KPL","comparisonPrice":2.59,"comparisonUnit":"KGM","consumerPackageSize":null,"consumerPackageUnit":null,"priceUnit":"KPL","quantityMultiplier":1,"brandName":"Valio A+","slug":"valio-atm-luonnonjogurtti-1-kg-rasvaton-laktoositon","isAgeLimitedByAlcohol":false,"frozen":false,"packagingLabels":["Hyvää Suomesta (Sininen Joutsen)"," Sydänmerkki"],"packagingLabelCodes":["FINNISH_HEART_SYMBOL"," GOODS_FROM_FINLAND_BLUE_SWAN"],"hierarchyPath":[{"id":"1591691235643804","name":"Maustamattomat jogurtit","slug":"maito-munat-ja-rasvat-0/jogurtit/maustamattomat-jogurtit","__typename":"HierarchyPathItem"},{"id":"Herkku_00000118","name":"Jogurtit","slug":"maito-munat-ja-rasvat-0/jogurtit","__typename":"HierarchyPathItem"},{"id":"Herkku_00000006","name":"Maito, munat ja rasvat","slug":"maito-munat-ja-rasvat-0","__typename":"HierarchyPathItem"}],"isGlobalFallback":null,"countryName":{"fi":"Suomi","__typename":"CountryName"}},{"id":"6408430024841","ean":"6408430024841","name":"Valio kreikkalainen jogurtti 150 g mansikka laktoositon","price":1.39,"storeId":725782447,"__typename":"Product","approxPrice":false,"basicQuantityUnit":"KPL","comparisonPrice":9.27,"comparisonUnit":"KGM","consumerPackageSize":null,"consumerPackageUnit":null,"priceUnit":"KPL","quantityMultiplier":1,"brandName":"Valio","slug":"valio-kreikkalainen-jogurtti-150-g-mansikka-laktoositon","isAgeLimitedByAlcohol":false,"frozen":false,"packagingLabels":["Hyvää Suomesta (Sininen Joutsen)"],"packagingLabelCodes":["GOODS_FROM_FINLAND_BLUE_SWAN"],"hierarchyPath":[{"id":"1591691235643803","name":"Maustetut jogurtit","slug":"maito-munat-ja-rasvat-0/jogurtit/maustetut-jogurtit","__typename":"HierarchyPathItem"},{"id":"Herkku_00000118","name":"Jogurtit","slug":"maito-munat-ja-rasvat-0/jogurtit","__typename":"HierarchyPathItem"},{"id":"Herkku_00000006","name":"Maito, munat ja rasvat","slug":"maito-munat-ja-rasvat-0","__typename":"HierarchyPathItem"}],"isGlobalFallback":null,"countryName":{"fi":"Suomi","__typename":"CountryName"}},{"id":"6408430024858","ean":"6408430024858","name":"Valio kreikkalainen jogurtti 150 g vadelma-granaattiomena laktoositon","price":1.39,"storeId":725782447,"__typename":"Product","approxPrice":false,"basicQuantityUnit":"KPL","comparisonPrice":9.27,"comparisonUnit":"KGM","consumerPackageSize":null,"consumerPackageUnit":null,"priceUnit":"KPL","quantityMultiplier":1,"brandName":"Valio","slug":"valio-kreikkalainen-jogurtti-150-g-vadelma-granaattiomena-laktoositon","isAgeLimitedByAlcohol":false,"frozen":false,"packagingLabels":["Hyvää Suomesta (Sininen Joutsen)"],"packagingLabelCodes":["GOODS_FROM_FINLAND_BLUE_SWAN"],"hierarchyPath":[{"id":"1591691235643803","name":"Maustetut jogurtit","slug":"maito-munat-ja-rasvat-0/jogurtit/maustetut-jogurtit","__typename":"HierarchyPathItem"},{"id":"Herkku_00000118","name":"Jogurtit","slug":"maito-munat-ja-rasvat-0/jogurtit","__typename":"HierarchyPathItem"},{"id":"Herkku_00000006","name":"Maito, munat ja rasvat","slug":"maito-munat-ja-rasvat-0","__typename":"HierarchyPathItem"}],"isGlobalFallback":null,"countryName":{"fi":"Suomi","__typename":"CountryName"}},{"id":"6408430024902","ean":"6408430024902","name":"Valio hedelmäinen jogurtti 150 g ananas laktoositon","price":1.35,"storeId":725782447,"__typename":"Product","approxPrice":false,"basicQuantityUnit":"KPL","comparisonPrice":9,"comparisonUnit":"KGM","consumerPackageSize":null,"consumerPackageUnit":null,"priceUnit":"KPL","quantityMultiplier":1,"brandName":"Eila","slug":"valio-hedelmainen-jogurtti-150-g-ananas-laktoositon","isAgeLimitedByAlcohol":false,"frozen":false,"packagingLabels":[],"packagingLabelCodes":[],"hierarchyPath":[{"id":"1591691235643803","name":"Maustetut jogurtit","slug":"maito-munat-ja-rasvat-0/jogurtit/maustetut-jogurtit","__typename":"HierarchyPathItem"},{"id":"Herkku_00000118","name":"Jogurtit","slug":"maito-munat-ja-rasvat-0/jogurtit","__typename":"HierarchyPathItem"},{"id":"Herkku_00000006","name":"Maito, munat ja rasvat","slug":"maito-munat-ja-rasvat-0","__typename":"HierarchyPathItem"}],"isGlobalFallback":null,"countryName":{"fi":"Suomi","__typename":"CountryName"}},{"id":"6408430024957","ean":"6408430024957","name":"Valio kreikkalainen jogurtti 150 g uuniomena laktoositon","price":1.39,"storeId":725782447,"__typename":"Product","approxPrice":false,"basicQuantityUnit":"KPL","comparisonPrice":9.27,"comparisonUnit":"KGM","consumerPackageSize":null,"consumerPackageUnit":null,"priceUnit":"KPL","quantityMultiplier":1,"brandName":"Valio","slug":"valio-kreikkalainen-jogurtti-150-g-uuniomena-laktoositon","isAgeLimitedByAlcohol":false,"frozen":false,"packagingLabels":["Hyvää Suomesta (Sininen Joutsen)"],"packagingLabelCodes":["GOODS_FROM_FINLAND_BLUE_SWAN"],"hierarchyPath":[{"id":"1591691235643803","name":"Maustetut jogurtit","slug":"maito-munat-ja-rasvat-0/jogurtit/maustetut-jogurtit","__typename":"HierarchyPathItem"},{"id":"Herkku_00000118","name":"Jogurtit","slug":"maito-munat-ja-rasvat-0/jogurtit","__typename":"HierarchyPathItem"},{"id":"Herkku_00000006","name":"Maito, munat ja rasvat","slug":"maito-munat-ja-rasvat-0","__typename":"HierarchyPathItem"}],"isGlobalFallback":null,"countryName":{"fi":"Suomi","__typename":"CountryName"}},{"id":"6408430025138","ean":"6408430025138","name":"Valio A+™ kreikkalainen luonnonjogurtti 1 kg laktoositon","price":3.69,"storeId":725782447,"__typename":"Product","approxPrice":false,"basicQuantityUnit":"KPL","comparisonPrice":3.69,"comparisonUnit":"KGM","consumerPackageSize":null,"consumerPackageUnit":null,"priceUnit":"KPL","quantityMultiplier":1,"brandName":"Valio A+","slug":"valio-atm-kreikkalainen-luonnonjogurtti-1-kg-laktoositon","isAgeLimitedByAlcohol":false,"frozen":false,"packagingLabels":["Hyvää Suomesta (Sininen Joutsen)"],"packagingLabelCodes":["GOODS_FROM_FINLAND_BLUE_SWAN"],"hierarchyPath":[{"id":"1591691235643804","name":"Maustamattomat jogurtit","slug":"maito-munat-ja-rasvat-0/jogurtit/maustamattomat-jogurtit","__typename":"HierarchyPathItem"},{"id":"Herkku_00000118","name":"Jogurtit","slug":"maito-munat-ja-rasvat-0/jogurtit","__typename":"HierarchyPathItem"},{"id":"Herkku_00000006","name":"Maito, munat ja rasvat","slug":"maito-munat-ja-rasvat-0","__typename":"HierarchyPathItem"}],"isGlobalFallback":null,"countryName":{"fi":"Suomi","__typename":"CountryName"}},{"id":"6408430025169","ean":"6408430025169","name":"Valio kreikkalainen juotava jogurtti 2,5 dl vadelma-granaattiomena laktoositon","price":1.69,"storeId":725782447,"__typename":"Product","approxPrice":false,"basicQuantityUnit":"KPL","comparisonPrice":6.76,"comparisonUnit":"LTR","consumerPackageSize":null,"consumerPackageUnit":null,"priceUnit":"KPL","quantityMultiplier":1,"brandName":"Eila","slug":"valio-kreikkalainen-juotava-jogurtti-2-5-dl-vadelma-granaattiomena-laktoositon","isAgeLimitedByAlcohol":false,"frozen":false,"packagingLabels":["Hyvää Suomesta (Sininen Joutsen)"],"packagingLabelCodes":["GOODS_FROM_FINLAND_BLUE_SWAN"],"hierarchyPath":[{"id":"Herkku_00000637","name":"Juotavat jogurtit","slug":"maito-munat-ja-rasvat-0/jogurtit/juotavat-jogurtit","__typename":"HierarchyPathItem"},{"id":"Herkku_00000118","name":"Jogurtit","slug":"maito-munat-ja-rasvat-0/jogurtit","__typename":"HierarchyPathItem"},{"id":"Herkku_00000006","name":"Maito, munat ja rasvat","slug":"maito-munat-ja-rasvat-0","__typename":"HierarchyPathItem"}],"isGlobalFallback":null,"countryName":{"fi":"Suomi","__typename":"CountryName"}},{"id":"6408430025190","ean":"6408430025190","name":"Valio kreikkalainen juotava jogurtti 2,5 dl mango-passion laktoositon","price":1.69,"storeId":725782447,"__typename":"Product","approxPrice":false,"basicQuantityUnit":"KPL","comparisonPrice":6.76,"comparisonUnit":"LTR","consumerPackageSize":null,"consumerPackageUnit":null,"priceUnit":"KPL","quantityMultiplier":1,"brandName":"Eila","slug":"valio-kreikkalainen-juotava-jogurtti-2-5-dl-mango-passion-laktoositon","isAgeLimitedByAlcohol":false,"frozen":false,"packagingLabels":["Hyvää Suomesta (Sininen Joutsen)"],"packagingLabelCodes":["GOODS_FROM_FINLAND_BLUE_SWAN"],"hierarchyPath":[{"id":"Herkku_00000637","name":"Juotavat jogurtit","slug":"maito-munat-ja-rasvat-0/jogurtit/juotavat-jogurtit","__typename":"HierarchyPathItem"},{"id":"Herkku_00000118","name":"Jogurtit","slug":"maito-munat-ja-rasvat-0/jogurtit","__typename":"HierarchyPathItem"},{"id":"Herkku_00000006","name":"Maito, munat ja rasvat","slug":"maito-munat-ja-rasvat-0","__typename":"HierarchyPathItem"}],"isGlobalFallback":null,"countryName":{"fi":"Suomi","__typename":"CountryName"}},{"id":"6408430025237","ean":"6408430025237","name":"Valio kreikkalainen jogurtti 150 g mustikka-vanilja laktoositon","price":1.39,"storeId":725782447,"__typename":"Product","approxPrice":false,"basicQuantityUnit":"KPL","comparisonPrice":9.27,"comparisonUnit":"KGM","consumerPackageSize":null,"consumerPackageUnit":null,"priceUnit":"KPL","quantityMultiplier":1,"brandName":"Valio","slug":"valio-kreikkalainen-jogurtti-150-g-mustikka-vanilja-laktoositon","isAgeLimitedByAlcohol":false,"frozen":false,"packagingLabels":["Hyvää Suomesta (Sininen Joutsen)"],"packagingLabelCodes":["GOODS_FROM_FINLAND_BLUE_SWAN"],"hierarchyPath":[{"id":"1591691235643803","name":"Maustetut jogurtit","slug":"maito-munat-ja-rasvat-0/jogurtit/maustetut-jogurtit","__typename":"HierarchyPathItem"},{"id":"Herkku_00000118","name":"Jogurtit","slug":"maito-munat-ja-rasvat-0/jogurtit","__typename":"HierarchyPathItem"},{"id":"Herkku_00000006","name":"Maito, munat ja rasvat","slug":"maito-munat-ja-rasvat-0","__typename":"HierarchyPathItem"}],"isGlobalFallback":null,"countryName":{"fi":"Suomi","__typename":"CountryName"}},{"id":"6408430026029","ean":"6408430026029","name":"Valio Gefilus® tehoshot 8x100 ml mansikka-mustikka laktoositon","price":5.75,"storeId":725782447,"__typename":"Product","approxPrice":false,"basicQuantityUnit":"KPL","comparisonPrice":7.19,"comparisonUnit":"LTR","consumerPackageSize":null,"consumerPackageUnit":null,"priceUnit":"KPL","quantityMultiplier":1,"brandName":"Gefilus","slug":"valio-gefilusr-tehoshot-8x100-ml-mansikka-mustikka-laktoositon","isAgeLimitedByAlcohol":false,"frozen":false,"packagingLabels":["Hyvää Suomesta (Sininen Joutsen)"],"packagingLabelCodes":["GOODS_FROM_FINLAND_BLUE_SWAN"],"hierarchyPath":[{"id":"Herkku_00000637","name":"Juotavat jogurtit","slug":"maito-munat-ja-rasvat-0/jogurtit/juotavat-jogurtit","__typename":"HierarchyPathItem"},{"id":"Herkku_00000118","name":"Jogurtit","slug":"maito-munat-ja-rasvat-0/jogurtit","__typename":"HierarchyPathItem"},{"id":"Herkku_00000006","name":"Maito, munat ja rasvat","slug":"maito-munat-ja-rasvat-0","__typename":"HierarchyPathItem"}],"isGlobalFallback":null,"countryName":{"fi":"Suomi","__typename":"CountryName"}},{"id":"6408430028283","ean":"6408430028283","name":"Valio Gefilus® Smoothie jogurttijuoma 2,5 dl mango-banaani laktoositon","price":1.99,"storeId":725782447,"__typename":"Product","approxPrice":false,"basicQuantityUnit":"KPL","comparisonPrice":7.96,"comparisonUnit":"LTR","consumerPackageSize":null,"consumerPackageUnit":null,"priceUnit":"KPL","quantityMultiplier":1,"brandName":"Gefilus","slug":"valio-gefilusr-smoothie-jogurttijuoma-2-5-dl-mango-banaani-laktoositon","isAgeLimitedByAlcohol":false,"frozen":false,"packagingLabels":["Hyvää Suomesta (Sininen Joutsen)"],"packagingLabelCodes":["GOODS_FROM_FINLAND_BLUE_SWAN"],"hierarchyPath":[{"id":"Herkku_00000637","name":"Juotavat jogurtit","slug":"maito-munat-ja-rasvat-0/jogurtit/juotavat-jogurtit","__typename":"HierarchyPathItem"},{"id":"Herkku_00000118","name":"Jogurtit","slug":"maito-munat-ja-rasvat-0/jogurtit","__typename":"HierarchyPathItem"},{"id":"Herkku_00000006","name":"Maito, munat ja rasvat","slug":"maito-munat-ja-rasvat-0","__typename":"HierarchyPathItem"}],"isGlobalFallback":null,"countryName":{"fi":"Suomi","__typename":"CountryName"}},{"id":"6408430028290","ean":"6408430028290","name":"Valio Gefilus® Smoothie jogurttijuoma 2,5 dl mansikka-banaani laktoositon","price":1.99,"storeId":725782447,"__typename":"Product","approxPrice":false,"basicQuantityUnit":"KPL","comparisonPrice":7.96,"comparisonUnit":"LTR","consumerPackageSize":null,"consumerPackageUnit":null,"priceUnit":"KPL","quantityMultiplier":1,"brandName":"Gefilus","slug":"valio-gefilusr-smoothie-jogurttijuoma-2-5-dl-mansikka-banaani-laktoositon","isAgeLimitedByAlcohol":false,"frozen":false,"packagingLabels":["Hyvää Suomesta (Sininen Joutsen)"],"packagingLabelCodes":["GOODS_FROM_FINLAND_BLUE_SWAN"],"hierarchyPath":[{"id":"Herkku_00000637","name":"Juotavat jogurtit","slug":"maito-munat-ja-rasvat-0/jogurtit/juotavat-jogurtit","__typename":"HierarchyPathItem"},{"id":"Herkku_00000118","name":"Jogurtit","slug":"maito-munat-ja-rasvat-0/jogurtit","__typename":"HierarchyPathItem"},{"id":"Herkku_00000006","name":"Maito, munat ja rasvat","slug":"maito-munat-ja-rasvat-0","__typename":"HierarchyPathItem"}],"isGlobalFallback":null,"countryName":{"fi":"Suomi","__typename":"CountryName"}},{"id":"6408430029853","ean":"6408430029853","name":"Valio OLO™ jogurtti 4x125 g persikka-vadelma laktoositon","price":2.89,"storeId":725782447,"__typename":"Product","approxPrice":false,"basicQuantityUnit":"KPL","comparisonPrice":5.78,"comparisonUnit":"KGM","consumerPackageSize":null,"consumerPackageUnit":null,"priceUnit":"KPL","quantityMultiplier":1,"brandName":"OLO","slug":"valio-olotm-jogurtti-4x125-g-persikka-vadelma-laktoositon","isAgeLimitedByAlcohol":false,"frozen":false,"packagingLabels":["Hyvää Suomesta (Sininen Joutsen)"],"packagingLabelCodes":["GOODS_FROM_FINLAND_BLUE_SWAN"],"hierarchyPath":[{"id":"1591691235643823","name":"Terveysvaikutteiset jogurtit","slug":"maito-munat-ja-rasvat-0/jogurtit/terveysvaikutteiset-jogurtit","__typename":"HierarchyPathItem"},{"id":"Herkku_00000118","name":"Jogurtit","slug":"maito-munat-ja-rasvat-0/jogurtit","__typename":"HierarchyPathItem"},{"id":"Herkku_00000006","name":"Maito, munat ja rasvat","slug":"maito-munat-ja-rasvat-0","__typename":"HierarchyPathItem"}],"isGlobalFallback":null,"countryName":{"fi":"Suomi","__typename":"CountryName"}},{"id":"6408430030002","ean":"6408430030002","name":"Valio voi 500 g normaalisuolainen","price":4.75,"storeId":725782447,"__typename":"Product","approxPrice":false,"basicQuantityUnit":"KPL","comparisonPrice":9.5,"comparisonUnit":"KGM","consumerPackageSize":null,"consumerPackageUnit":null,"priceUnit":"KPL","quantityMultiplier":1,"brandName":"Valio","slug":"valio-voi-500-g-normaalisuolainen","isAgeLimitedByAlcohol":false,"frozen":false,"packagingLabels":["Hyvää Suomesta (Sininen Joutsen)"],"packagingLabelCodes":["GOODS_FROM_FINLAND_BLUE_SWAN"],"hierarchyPath":[{"id":"Herkku_00000294","name":"Voi","slug":"maito-munat-ja-rasvat-0/rasvat/voi","__typename":"HierarchyPathItem"},{"id":"Herkku_00000049","name":"Rasvat","slug":"maito-munat-ja-rasvat-0/rasvat","__typename":"HierarchyPathItem"},{"id":"Herkku_00000006","name":"Maito, munat ja rasvat","slug":"maito-munat-ja-rasvat-0","__typename":"HierarchyPathItem"}],"isGlobalFallback":null,"countryName":{"fi":"Suomi","__typename":"CountryName"}},{"id":"6408430030101","ean":"6408430030101","name":"Valio Eila® voi 200 g laktoositon","price":3.65,"storeId":725782447,"__typename":"Product","approxPrice":false,"basicQuantityUnit":"KPL","comparisonPrice":18.25,"comparisonUnit":"KGM","consumerPackageSize":null,"consumerPackageUnit":null,"priceUnit":"KPL","quantityMultiplier":1,"brandName":"Eila","slug":"valio-eilar-voi-200-g-laktoositon","isAgeLimitedByAlcohol":false,"frozen":false,"packagingLabels":["Hyvää Suomesta (Sininen Joutsen)"],"packagingLabelCodes":["GOODS_FROM_FINLAND_BLUE_SWAN"],"hierarchyPath":[{"id":"Herkku_00000294","name":"Voi","slug":"maito-munat-ja-rasvat-0/rasvat/voi","__typename":"HierarchyPathItem"},{"id":"Herkku_00000049","name":"Rasvat","slug":"maito-munat-ja-rasvat-0/rasvat","__typename":"HierarchyPathItem"},{"id":"Herkku_00000006","name":"Maito, munat ja rasvat","slug":"maito-munat-ja-rasvat-0","__typename":"HierarchyPathItem"}],"isGlobalFallback":null,"countryName":{"fi":"Suomi","__typename":"CountryName"}},{"id":"6408430030309","ean":"6408430030309","name":"Valio Oivariini® 600 g normaalisuolainen HYLA®","price":4.39,"storeId":725782447,"__typename":"Product","approxPrice":false,"basicQuantityUnit":"KPL","comparisonPrice":7.32,"comparisonUnit":"KGM","consumerPackageSize":null,"consumerPackageUnit":null,"priceUnit":"KPL","quantityMultiplier":1,"brandName":"Valio Oivariini","slug":"valio-oivariinir-600-g-normaalisuolainen-hylar","isAgeLimitedByAlcohol":false,"frozen":false,"packagingLabels":["Hyvää Suomesta (Sininen Joutsen)"],"packagingLabelCodes":["GOODS_FROM_FINLAND_BLUE_SWAN"],"hierarchyPath":[{"id":"Herkku_00000301","name":"Rasvaseokset","slug":"maito-munat-ja-rasvat-0/rasvat/rasvaseokset","__typename":"HierarchyPathItem"},{"id":"Herkku_00000049","name":"Rasvat","slug":"maito-munat-ja-rasvat-0/rasvat","__typename":"HierarchyPathItem"},{"id":"Herkku_00000006","name":"Maito, munat ja rasvat","slug":"maito-munat-ja-rasvat-0","__typename":"HierarchyPathItem"}],"isGlobalFallback":null,"countryName":{"fi":"Suomi","__typename":"CountryName"}},{"id":"6408430030316","ean":"6408430030316","name":"Valio Oivariini® 400 g normaalisuolainen HYLA®","price":3.29,"storeId":725782447,"__typename":"Product","approxPrice":false,"basicQuantityUnit":"KPL","comparisonPrice":8.23,"comparisonUnit":"KGM","consumerPackageSize":null,"consumerPackageUnit":null,"priceUnit":"KPL","quantityMultiplier":1,"brandName":"Valio Oivariini","slug":"valio-oivariinir-400-g-normaalisuolainen-hylar","isAgeLimitedByAlcohol":false,"frozen":false,"packagingLabels":["Hyvää Suomesta (Sininen Joutsen)"],"packagingLabelCodes":["GOODS_FROM_FINLAND_BLUE_SWAN"],"hierarchyPath":[{"id":"Herkku_00000301","name":"Rasvaseokset","slug":"maito-munat-ja-rasvat-0/rasvat/rasvaseokset","__typename":"HierarchyPathItem"},{"id":"Herkku_00000049","name":"Rasvat","slug":"maito-munat-ja-rasvat-0/rasvat","__typename":"HierarchyPathItem"},{"id":"Herkku_00000006","name":"Maito, munat ja rasvat","slug":"maito-munat-ja-rasvat-0","__typename":"HierarchyPathItem"}],"isGlobalFallback":null,"countryName":{"fi":"Suomi","__typename":"CountryName"}},{"id":"6408430031245","ean":"6408430031245","name":"Valio Emmental punaleima e350 g","price":5.59,"storeId":725782447,"__typename":"Product","approxPrice":false,"basicQuantityUnit":"KPL","comparisonPrice":15.97,"comparisonUnit":"KGM","consumerPackageSize":null,"consumerPackageUnit":null,"priceUnit":"KPL","quantityMultiplier":1,"brandName":"Valio","slug":"valio-emmental-punaleima-e350-g","isAgeLimitedByAlcohol":false,"frozen":false,"packagingLabels":["Hyvää Suomesta (Sininen Joutsen)"],"packagingLabelCodes":["GOODS_FROM_FINLAND_BLUE_SWAN"],"hierarchyPath":[{"id":"1591691244827920","name":"Emmental juustot","slug":"juustot-0/pala-ja-viipalejuustot/emmental-juustot","__typename":"HierarchyPathItem"},{"id":"1591691244827914","name":"Pala- ja viipalejuustot","slug":"juustot-0/pala-ja-viipalejuustot","__typename":"HierarchyPathItem"},{"id":"Herkku_00000003","name":"Juustot","slug":"juustot-0","__typename":"HierarchyPathItem"}],"isGlobalFallback":null,"countryName":{"fi":"Suomi","__typename":"CountryName"}},{"id":"6408430031542","ean":"6408430031542","name":"Valio Emmental e150 g raaste (punaleima)","price":2.95,"storeId":725782447,"__typename":"Product","approxPrice":false,"basicQuantityUnit":"KPL","comparisonPrice":19.67,"comparisonUnit":"KGM","consumerPackageSize":null,"consumerPackageUnit":null,"priceUnit":"KPL","quantityMultiplier":1,"brandName":"Valio","slug":"valio-emmental-e150-g-raaste-punaleima","isAgeLimitedByAlcohol":false,"frozen":false,"packagingLabels":["Hyvää Suomesta (Sininen Joutsen)"],"packagingLabelCodes":["GOODS_FROM_FINLAND_BLUE_SWAN"],"hierarchyPath":[{"id":"1591691244827924","name":"Juustoraasteet","slug":"juustot-0/ruoka-ja-herkuttelujuustot/juustoraasteet","__typename":"HierarchyPathItem"},{"id":"1591691244827915","name":"Ruoka- ja herkuttelujuustot","slug":"juustot-0/ruoka-ja-herkuttelujuustot","__typename":"HierarchyPathItem"},{"id":"Herkku_00000003","name":"Juustot","slug":"juustot-0","__typename":"HierarchyPathItem"}],"isGlobalFallback":null,"countryName":{"fi":"Suomi","__typename":"CountryName"}},{"id":"6408430031672","ean":"6408430031672","name":"Valio Emmental sinileima e350 g","price":5.59,"storeId":725782447,"__typename":"Product","approxPrice":false,"basicQuantityUnit":"KPL","comparisonPrice":15.97,"comparisonUnit":"KGM","consumerPackageSize":null,"consumerPackageUnit":null,"priceUnit":"KPL","quantityMultiplier":1,"brandName":"Valio","slug":"valio-emmental-sinileima-e350-g","isAgeLimitedByAlcohol":false,"frozen":false,"packagingLabels":["Hyvää Suomesta (Sininen Joutsen)"],"packagingLabelCodes":["GOODS_FROM_FINLAND_BLUE_SWAN"],"hierarchyPath":[{"id":"1591691244827920","name":"Emmental juustot","slug":"juustot-0/pala-ja-viipalejuustot/emmental-juustot","__typename":"HierarchyPathItem"},{"id":"1591691244827914","name":"Pala- ja viipalejuustot","slug":"juustot-0/pala-ja-viipalejuustot","__typename":"HierarchyPathItem"},{"id":"Herkku_00000003","name":"Juustot","slug":"juustot-0","__typename":"HierarchyPathItem"}],"isGlobalFallback":null,"countryName":{"fi":"Suomi","__typename":"CountryName"}},{"id":"6408430032044","ean":"6408430032044","name":"Valio Viola® kevyt e200 g paprika-chili tuorejuusto laktoositon","price":2.55,"storeId":725782447,"__typename":"Product","approxPrice":false,"basicQuantityUnit":"KPL","comparisonPrice":12.75,"comparisonUnit":"KGM","consumerPackageSize":null,"consumerPackageUnit":null,"priceUnit":"KPL","quantityMultiplier":1,"brandName":"Valio","slug":"valio-violar-kevyt-e200-g-paprika-chili-tuorejuusto-laktoositon","isAgeLimitedByAlcohol":false,"frozen":false,"packagingLabels":["Hyvää Suomesta (Sininen Joutsen)"," Sydänmerkki"],"packagingLabelCodes":["FINNISH_HEART_SYMBOL"," GOODS_FROM_FINLAND_BLUE_SWAN"],"hierarchyPath":[{"id":"1591691244878258","name":"Levitettävät juustot","slug":"juustot-0/ruoka-ja-herkuttelujuustot/levitettavat-juustot","__typename":"HierarchyPathItem"},{"id":"1591691244827915","name":"Ruoka- ja herkuttelujuustot","slug":"juustot-0/ruoka-ja-herkuttelujuustot","__typename":"HierarchyPathItem"},{"id":"Herkku_00000003","name":"Juustot","slug":"juustot-0","__typename":"HierarchyPathItem"}],"isGlobalFallback":null,"countryName":{"fi":"Suomi","__typename":"CountryName"}},{"id":"6408430032273","ean":"6408430032273","name":"Valio Edam e350 g","price":5.39,"storeId":725782447,"__typename":"Product","approxPrice":false,"basicQuantityUnit":"KPL","comparisonPrice":15.4,"comparisonUnit":"KGM","consumerPackageSize":null,"consumerPackageUnit":null,"priceUnit":"KPL","quantityMultiplier":1,"brandName":"Valio","slug":"valio-edam-e350-g","isAgeLimitedByAlcohol":false,"frozen":false,"packagingLabels":["Hyvää Suomesta (Sininen Joutsen)"],"packagingLabelCodes":["GOODS_FROM_FINLAND_BLUE_SWAN"],"hierarchyPath":[{"id":"1591691244827919","name":"Edam juustot","slug":"juustot-0/pala-ja-viipalejuustot/edam-juustot","__typename":"HierarchyPathItem"},{"id":"1591691244827914","name":"Pala- ja viipalejuustot","slug":"juustot-0/pala-ja-viipalejuustot","__typename":"HierarchyPathItem"},{"id":"Herkku_00000003","name":"Juustot","slug":"juustot-0","__typename":"HierarchyPathItem"}],"isGlobalFallback":null,"countryName":{"fi":"Suomi","__typename":"CountryName"}},{"id":"6408430032686","ean":"6408430032686","name":"Valio Viola® e200 g maustamaton tuorejuusto laktoositon","price":2.55,"storeId":725782447,"__typename":"Product","approxPrice":false,"basicQuantityUnit":"KPL","comparisonPrice":12.75,"comparisonUnit":"KGM","consumerPackageSize":null,"consumerPackageUnit":null,"priceUnit":"KPL","quantityMultiplier":1,"brandName":"Viola","slug":"valio-violar-e200-g-maustamaton-tuorejuusto-laktoositon","isAgeLimitedByAlcohol":false,"frozen":false,"packagingLabels":["Hyvää Suomesta (Sininen Joutsen)"],"packagingLabelCodes":["GOODS_FROM_FINLAND_BLUE_SWAN"],"hierarchyPath":[{"id":"1591691244878258","name":"Levitettävät juustot","slug":"juustot-0/ruoka-ja-herkuttelujuustot/levitettavat-juustot","__typename":"HierarchyPathItem"},{"id":"1591691244827915","name":"Ruoka- ja herkuttelujuustot","slug":"juustot-0/ruoka-ja-herkuttelujuustot","__typename":"HierarchyPathItem"},{"id":"Herkku_00000003","name":"Juustot","slug":"juustot-0","__typename":"HierarchyPathItem"}],"isGlobalFallback":null,"countryName":{"fi":"Suomi","__typename":"CountryName"}},{"id":"6408430032747","ean":"6408430032747","name":"Valio Viola® kevyt e200 g ruohosipuli tuorejuusto laktoositon","price":2.55,"storeId":725782447,"__typename":"Product","approxPrice":false,"basicQuantityUnit":"KPL","comparisonPrice":12.75,"comparisonUnit":"KGM","consumerPackageSize":null,"consumerPackageUnit":null,"priceUnit":"KPL","quantityMultiplier":1,"brandName":"Viola","slug":"valio-violar-kevyt-e200-g-ruohosipuli-tuorejuusto-laktoositon","isAgeLimitedByAlcohol":false,"frozen":false,"packagingLabels":["Hyvää Suomesta (Sininen Joutsen)"," Sydänmerkki"],"packagingLabelCodes":["FINNISH_HEART_SYMBOL"," GOODS_FROM_FINLAND_BLUE_SWAN"],"hierarchyPath":[{"id":"1591691244878258","name":"Levitettävät juustot","slug":"juustot-0/ruoka-ja-herkuttelujuustot/levitettavat-juustot","__typename":"HierarchyPathItem"},{"id":"1591691244827915","name":"Ruoka- ja herkuttelujuustot","slug":"juustot-0/ruoka-ja-herkuttelujuustot","__typename":"HierarchyPathItem"},{"id":"Herkku_00000003","name":"Juustot","slug":"juustot-0","__typename":"HierarchyPathItem"}],"isGlobalFallback":null,"countryName":{"fi":"Suomi","__typename":"CountryName"}},{"id":"6408430033041","ean":"6408430033041","name":"Valio AURA® e150 g murennettu sinihomejuusto","price":3.89,"storeId":725782447,"__typename":"Product","approxPrice":false,"basicQuantityUnit":"KPL","comparisonPrice":25.93,"comparisonUnit":"KGM","consumerPackageSize":null,"consumerPackageUnit":null,"priceUnit":"KPL","quantityMultiplier":1,"brandName":"Valio Aura","slug":"valio-aurar-e150-g-murennettu-sinihomejuusto","isAgeLimitedByAlcohol":false,"frozen":false,"packagingLabels":["Hyvää Suomesta (Sininen Joutsen)"],"packagingLabelCodes":["GOODS_FROM_FINLAND_BLUE_SWAN"],"hierarchyPath":[{"id":"1591691244827924","name":"Juustoraasteet","slug":"juustot-0/ruoka-ja-herkuttelujuustot/juustoraasteet","__typename":"HierarchyPathItem"},{"id":"1591691244827915","name":"Ruoka- ja herkuttelujuustot","slug":"juustot-0/ruoka-ja-herkuttelujuustot","__typename":"HierarchyPathItem"},{"id":"Herkku_00000003","name":"Juustot","slug":"juustot-0","__typename":"HierarchyPathItem"}],"isGlobalFallback":null,"countryName":{"fi":"Suomi","__typename":"CountryName"}},{"id":"6408430033805","ean":"6408430033805","name":"Valio Oltermanni® e500 g","price":4.49,"storeId":725782447,"__typename":"Product","approxPrice":false,"basicQuantityUnit":"KPL","comparisonPrice":8.98,"comparisonUnit":"KGM","consumerPackageSize":null,"consumerPackageUnit":null,"priceUnit":"KPL","quantityMultiplier":1,"brandName":"Valio Oltermanni","slug":"valio-oltermannir-e500-g","isAgeLimitedByAlcohol":false,"frozen":false,"packagingLabels":["Hyvää Suomesta (Sininen Joutsen)"],"packagingLabelCodes":["GOODS_FROM_FINLAND_BLUE_SWAN"],"hierarchyPath":[{"id":"1591691244827921","name":"Kermajuustot","slug":"juustot-0/pala-ja-viipalejuustot/kermajuustot","__typename":"HierarchyPathItem"},{"id":"1591691244827914","name":"Pala- ja viipalejuustot","slug":"juustot-0/pala-ja-viipalejuustot","__typename":"HierarchyPathItem"},{"id":"Herkku_00000003","name":"Juustot","slug":"juustot-0","__typename":"HierarchyPathItem"}],"isGlobalFallback":null,"countryName":{"fi":"Suomi","__typename":"CountryName"}},{"id":"6408430033904","ean":"6408430033904","name":"Valio pizzajuusto e150 g raaste","price":2.95,"storeId":725782447,"__typename":"Product","approxPrice":false,"basicQuantityUnit":"KPL","comparisonPrice":19.67,"comparisonUnit":"KGM","consumerPackageSize":null,"consumerPackageUnit":null,"priceUnit":"KPL","quantityMultiplier":1,"brandName":"Valio","slug":"valio-pizzajuusto-e150-g-raaste","isAgeLimitedByAlcohol":false,"frozen":false,"packagingLabels":["Hyvää Suomesta (Sininen Joutsen)"],"packagingLabelCodes":["GOODS_FROM_FINLAND_BLUE_SWAN"],"hierarchyPath":[{"id":"1591691244827924","name":"Juustoraasteet","slug":"juustot-0/ruoka-ja-herkuttelujuustot/juustoraasteet","__typename":"HierarchyPathItem"},{"id":"1591691244827915","name":"Ruoka- ja herkuttelujuustot","slug":"juustot-0/ruoka-ja-herkuttelujuustot","__typename":"HierarchyPathItem"},{"id":"Herkku_00000003","name":"Juustot","slug":"juustot-0","__typename":"HierarchyPathItem"}],"isGlobalFallback":null,"countryName":{"fi":"Suomi","__typename":"CountryName"}},{"id":"6408430035977","ean":"6408430035977","name":"Valio Salaneuvos® 17 % e350 g","price":5.59,"storeId":725782447,"__typename":"Product","approxPrice":false,"basicQuantityUnit":"KPL","comparisonPrice":15.97,"comparisonUnit":"KGM","consumerPackageSize":null,"consumerPackageUnit":null,"priceUnit":"KPL","quantityMultiplier":1,"brandName":"Valio","slug":"valio-salaneuvosr-17-e350-g","isAgeLimitedByAlcohol":false,"frozen":false,"packagingLabels":["Hyvää Suomesta (Sininen Joutsen)"],"packagingLabelCodes":["GOODS_FROM_FINLAND_BLUE_SWAN"],"hierarchyPath":[{"id":"1591691244827922","name":"Gouda juustot","slug":"juustot-0/pala-ja-viipalejuustot/gouda-juustot","__typename":"HierarchyPathItem"},{"id":"1591691244827914","name":"Pala- ja viipalejuustot","slug":"juustot-0/pala-ja-viipalejuustot","__typename":"HierarchyPathItem"},{"id":"Herkku_00000003","name":"Juustot","slug":"juustot-0","__typename":"HierarchyPathItem"}],"isGlobalFallback":null,"countryName":{"fi":"Suomi","__typename":"CountryName"}},{"id":"6408430036349","ean":"6408430036349","name":"Valio Edam 17 % e300 g viipale","price":4.65,"storeId":725782447,"__typename":"Product","approxPrice":false,"basicQuantityUnit":"KPL","comparisonPrice":15.5,"comparisonUnit":"KGM","consumerPackageSize":null,"consumerPackageUnit":null,"priceUnit":"KPL","quantityMultiplier":1,"brandName":"Valio","slug":"valio-edam-17-e300-g-viipale","isAgeLimitedByAlcohol":false,"frozen":false,"packagingLabels":["Hyvää Suomesta (Sininen Joutsen)"," Sydänmerkki"],"packagingLabelCodes":["FINNISH_HEART_SYMBOL"," GOODS_FROM_FINLAND_BLUE_SWAN"],"hierarchyPath":[{"id":"1591691244827919","name":"Edam juustot","slug":"juustot-0/pala-ja-viipalejuustot/edam-juustot","__typename":"HierarchyPathItem"},{"id":"1591691244827914","name":"Pala- ja viipalejuustot","slug":"juustot-0/pala-ja-viipalejuustot","__typename":"HierarchyPathItem"},{"id":"Herkku_00000003","name":"Juustot","slug":"juustot-0","__typename":"HierarchyPathItem"}],"isGlobalFallback":null,"countryName":{"fi":"Suomi","__typename":"CountryName"}},{"id":"6408430036431","ean":"6408430036431","name":"Valio Polar® Alkuperäinen 15 % e300 g viipale","price":4.65,"storeId":725782447,"__typename":"Product","approxPrice":false,"basicQuantityUnit":"KPL","comparisonPrice":15.5,"comparisonUnit":"KGM","consumerPackageSize":null,"consumerPackageUnit":null,"priceUnit":"KPL","quantityMultiplier":1,"brandName":"Valio Polar","slug":"valio-polarr-alkuperainen-15-e300-g-viipale","isAgeLimitedByAlcohol":false,"frozen":false,"packagingLabels":["Hyvää Suomesta (Sininen Joutsen)"],"packagingLabelCodes":["GOODS_FROM_FINLAND_BLUE_SWAN"],"hierarchyPath":[{"id":"1591691244827920","name":"Emmental juustot","slug":"juustot-0/pala-ja-viipalejuustot/emmental-juustot","__typename":"HierarchyPathItem"},{"id":"1591691244827914","name":"Pala- ja viipalejuustot","slug":"juustot-0/pala-ja-viipalejuustot","__typename":"HierarchyPathItem"},{"id":"Herkku_00000003","name":"Juustot","slug":"juustot-0","__typename":"HierarchyPathItem"}],"isGlobalFallback":null,"countryName":{"fi":"Suomi","__typename":"CountryName"}},{"id":"6408430036875","ean":"6408430036875","name":"Valio Polar® Alkuperäinen 15 % e350 g","price":5.65,"storeId":725782447,"__typename":"Product","approxPrice":false,"basicQuantityUnit":"KPL","comparisonPrice":16.14,"comparisonUnit":"KGM","consumerPackageSize":null,"consumerPackageUnit":null,"priceUnit":"KPL","quantityMultiplier":1,"brandName":"Valio Polar","slug":"valio-polarr-alkuperainen-15-e350-g","isAgeLimitedByAlcohol":false,"frozen":false,"packagingLabels":["Hyvää Suomesta (Sininen Joutsen)"],"packagingLabelCodes":["GOODS_FROM_FINLAND_BLUE_SWAN"],"hierarchyPath":[{"id":"1591691244827920","name":"Emmental juustot","slug":"juustot-0/pala-ja-viipalejuustot/emmental-juustot","__typename":"HierarchyPathItem"},{"id":"1591691244827914","name":"Pala- ja viipalejuustot","slug":"juustot-0/pala-ja-viipalejuustot","__typename":"HierarchyPathItem"},{"id":"Herkku_00000003","name":"Juustot","slug":"juustot-0","__typename":"HierarchyPathItem"}],"isGlobalFallback":null,"countryName":{"fi":"Suomi","__typename":"CountryName"}},{"id":"6408430036882","ean":"6408430036882","name":"Valio Polar® Alkuperäinen 15 % e700 g","price":8.55,"storeId":725782447,"__typename":"Product","approxPrice":false,"basicQuantityUnit":"KPL","comparisonPrice":12.21,"comparisonUnit":"KGM","consumerPackageSize":null,"consumerPackageUnit":null,"priceUnit":"KPL","quantityMultiplier":1,"brandName":"Valio Polar","slug":"valio-polarr-alkuperainen-15-e700-g","isAgeLimitedByAlcohol":false,"frozen":false,"packagingLabels":["Hyvää Suomesta (Sininen Joutsen)"],"packagingLabelCodes":["GOODS_FROM_FINLAND_BLUE_SWAN"],"hierarchyPath":[{"id":"1591691244827920","name":"Emmental juustot","slug":"juustot-0/pala-ja-viipalejuustot/emmental-juustot","__typename":"HierarchyPathItem"},{"id":"1591691244827914","name":"Pala- ja viipalejuustot","slug":"juustot-0/pala-ja-viipalejuustot","__typename":"HierarchyPathItem"},{"id":"Herkku_00000003","name":"Juustot","slug":"juustot-0","__typename":"HierarchyPathItem"}],"isGlobalFallback":null,"countryName":{"fi":"Suomi","__typename":"CountryName"}},{"id":"6408430037001","ean":"6408430037001","name":"Valio AURA® e170 g pala","price":3.19,"storeId":725782447,"__typename":"Product","approxPrice":false,"basicQuantityUnit":"KPL","comparisonPrice":18.76,"comparisonUnit":"KGM","consumerPackageSize":null,"consumerPackageUnit":null,"priceUnit":"KPL","quantityMultiplier":1,"brandName":"Valio Aura","slug":"valio-aurar-e170-g-pala","isAgeLimitedByAlcohol":false,"frozen":false,"packagingLabels":["Hyvää Suomesta (Sininen Joutsen)"],"packagingLabelCodes":["GOODS_FROM_FINLAND_BLUE_SWAN"],"hierarchyPath":[{"id":"1591691244827935","name":"Homejuustot","slug":"juustot-0/ruoka-ja-herkuttelujuustot/homejuustot","__typename":"HierarchyPathItem"},{"id":"1591691244827915","name":"Ruoka- ja herkuttelujuustot","slug":"juustot-0/ruoka-ja-herkuttelujuustot","__typename":"HierarchyPathItem"},{"id":"Herkku_00000003","name":"Juustot","slug":"juustot-0","__typename":"HierarchyPathItem"}],"isGlobalFallback":null,"countryName":{"fi":"Suomi","__typename":"CountryName"}},{"id":"6408430037292","ean":"6408430037292","name":"Valio kotijuusto e250 g laktoositon","price":4.85,"storeId":725782447,"__typename":"Product","approxPrice":false,"basicQuantityUnit":"KPL","comparisonPrice":19.4,"comparisonUnit":"KGM","consumerPackageSize":null,"consumerPackageUnit":null,"priceUnit":"KPL","quantityMultiplier":1,"brandName":"Eila","slug":"valio-kotijuusto-e250-g-laktoositon","isAgeLimitedByAlcohol":false,"frozen":false,"packagingLabels":["Hyvää Suomesta (Sininen Joutsen)"," Sydänmerkki"],"packagingLabelCodes":["FINNISH_HEART_SYMBOL"," GOODS_FROM_FINLAND_BLUE_SWAN"],"hierarchyPath":[{"id":"1591691244827937","name":"Muut erikoisjuustot","slug":"juustot-0/ruoka-ja-herkuttelujuustot/muut-erikoisjuustot","__typename":"HierarchyPathItem"},{"id":"1591691244827915","name":"Ruoka- ja herkuttelujuustot","slug":"juustot-0/ruoka-ja-herkuttelujuustot","__typename":"HierarchyPathItem"},{"id":"Herkku_00000003","name":"Juustot","slug":"juustot-0","__typename":"HierarchyPathItem"}],"isGlobalFallback":null,"countryName":{"fi":"Suomi","__typename":"CountryName"}},{"id":"6408430037575","ean":"6408430037575","name":"Valio Aamupala® e200 g raikas 12 % sulatejuustoviipale laktoositon","price":3.45,"storeId":725782447,"__typename":"Product","approxPrice":false,"basicQuantityUnit":"KPL","comparisonPrice":17.25,"comparisonUnit":"KGM","consumerPackageSize":null,"consumerPackageUnit":null,"priceUnit":"KPL","quantityMultiplier":1,"brandName":"Valio","slug":"valio-aamupalar-e200-g-raikas-12-sulatejuustoviipale-laktoositon","isAgeLimitedByAlcohol":false,"frozen":false,"packagingLabels":["Hyvää Suomesta (Sininen Joutsen)"],"packagingLabelCodes":["GOODS_FROM_FINLAND_BLUE_SWAN"],"hierarchyPath":[{"id":"1591691244827923","name":"Muut juustot","slug":"juustot-0/pala-ja-viipalejuustot/muut-juustot","__typename":"HierarchyPathItem"},{"id":"1591691244827914","name":"Pala- ja viipalejuustot","slug":"juustot-0/pala-ja-viipalejuustot","__typename":"HierarchyPathItem"},{"id":"Herkku_00000003","name":"Juustot","slug":"juustot-0","__typename":"HierarchyPathItem"}],"isGlobalFallback":null,"countryName":{"fi":"Suomi","__typename":"CountryName"}},{"id":"6408430037582","ean":"6408430037582","name":"Valio Aamupala® e200 g maukas sulatejuustoviipale laktoositon","price":3.45,"storeId":725782447,"__typename":"Product","approxPrice":false,"basicQuantityUnit":"KPL","comparisonPrice":17.25,"comparisonUnit":"KGM","consumerPackageSize":null,"consumerPackageUnit":null,"priceUnit":"KPL","quantityMultiplier":1,"brandName":"Valio","slug":"valio-aamupalar-e200-g-maukas-sulatejuustoviipale-laktoositon","isAgeLimitedByAlcohol":false,"frozen":false,"packagingLabels":["Hyvää Suomesta (Sininen Joutsen)"],"packagingLabelCodes":["GOODS_FROM_FINLAND_BLUE_SWAN"],"hierarchyPath":[{"id":"1591691244827923","name":"Muut juustot","slug":"juustot-0/pala-ja-viipalejuustot/muut-juustot","__typename":"HierarchyPathItem"},{"id":"1591691244827914","name":"Pala- ja viipalejuustot","slug":"juustot-0/pala-ja-viipalejuustot","__typename":"HierarchyPathItem"},{"id":"Herkku_00000003","name":"Juustot","slug":"juustot-0","__typename":"HierarchyPathItem"}],"isGlobalFallback":null,"countryName":{"fi":"Suomi","__typename":"CountryName"}},{"id":"6408430037711","ean":"6408430037711","name":"Valio Koskenlaskija® e250 g perinteinen sulatejuusto laktoositon","price":3.69,"storeId":725782447,"__typename":"Product","approxPrice":false,"basicQuantityUnit":"KPL","comparisonPrice":14.76,"comparisonUnit":"KGM","consumerPackageSize":null,"consumerPackageUnit":null,"priceUnit":"KPL","quantityMultiplier":1,"brandName":"KOSKENLASKIJA LAKT","slug":"valio-koskenlaskijar-e250-g-perinteinen-sulatejuusto-laktoositon","isAgeLimitedByAlcohol":false,"frozen":false,"packagingLabels":["Hyvää Suomesta (Sininen Joutsen)"],"packagingLabelCodes":["GOODS_FROM_FINLAND_BLUE_SWAN"],"hierarchyPath":[{"id":"1591691244827937","name":"Muut erikoisjuustot","slug":"juustot-0/ruoka-ja-herkuttelujuustot/muut-erikoisjuustot","__typename":"HierarchyPathItem"},{"id":"1591691244827915","name":"Ruoka- ja herkuttelujuustot","slug":"juustot-0/ruoka-ja-herkuttelujuustot","__typename":"HierarchyPathItem"},{"id":"Herkku_00000003","name":"Juustot","slug":"juustot-0","__typename":"HierarchyPathItem"}],"isGlobalFallback":null,"countryName":{"fi":"Suomi","__typename":"CountryName"}},{"id":"6408430037728","ean":"6408430037728","name":"Valio Olympia e400 g perinteinen sulatejuusto","price":5.35,"storeId":725782447,"__typename":"Product","approxPrice":false,"basicQuantityUnit":"KPL","comparisonPrice":13.37,"comparisonUnit":"KGM","consumerPackageSize":null,"consumerPackageUnit":null,"priceUnit":"KPL","quantityMultiplier":1,"brandName":"Valio","slug":"valio-olympia-e400-g-perinteinen-sulatejuusto","isAgeLimitedByAlcohol":false,"frozen":false,"packagingLabels":["Hyvää Suomesta (Sininen Joutsen)"],"packagingLabelCodes":["GOODS_FROM_FINLAND_BLUE_SWAN"],"hierarchyPath":[{"id":"1591691244878258","name":"Levitettävät juustot","slug":"juustot-0/ruoka-ja-herkuttelujuustot/levitettavat-juustot","__typename":"HierarchyPathItem"},{"id":"1591691244827915","name":"Ruoka- ja herkuttelujuustot","slug":"juustot-0/ruoka-ja-herkuttelujuustot","__typename":"HierarchyPathItem"},{"id":"Herkku_00000003","name":"Juustot","slug":"juustot-0","__typename":"HierarchyPathItem"}],"isGlobalFallback":null,"countryName":{"fi":"Suomi","__typename":"CountryName"}},{"id":"6408430039029","ean":"6408430039029","name":"Valio Edam 17 % e350 g","price":5.39,"storeId":725782447,"__typename":"Product","approxPrice":false,"basicQuantityUnit":"KPL","comparisonPrice":15.4,"comparisonUnit":"KGM","consumerPackageSize":null,"consumerPackageUnit":null,"priceUnit":"KPL","quantityMultiplier":1,"brandName":"Valio","slug":"valio-edam-17-e350-g","isAgeLimitedByAlcohol":false,"frozen":false,"packagingLabels":["Hyvää Suomesta (Sininen Joutsen)"," Sydänmerkki"],"packagingLabelCodes":["FINNISH_HEART_SYMBOL"," GOODS_FROM_FINLAND_BLUE_SWAN"],"hierarchyPath":[{"id":"1591691244827919","name":"Edam juustot","slug":"juustot-0/pala-ja-viipalejuustot/edam-juustot","__typename":"HierarchyPathItem"},{"id":"1591691244827914","name":"Pala- ja viipalejuustot","slug":"juustot-0/pala-ja-viipalejuustot","__typename":"HierarchyPathItem"},{"id":"Herkku_00000003","name":"Juustot","slug":"juustot-0","__typename":"HierarchyPathItem"}],"isGlobalFallback":null,"countryName":{"fi":"Suomi","__typename":"CountryName"}},{"id":"6408430039210","ean":"6408430039210","name":"Valio Ritari® e300 g","price":8.39,"storeId":725782447,"__typename":"Product","approxPrice":false,"basicQuantityUnit":"KPL","comparisonPrice":27.97,"comparisonUnit":"KGM","consumerPackageSize":null,"consumerPackageUnit":null,"priceUnit":"KPL","quantityMultiplier":1,"brandName":"Valio","slug":"valio-ritarir-e300-g","isAgeLimitedByAlcohol":false,"frozen":false,"packagingLabels":["Hyvää Suomesta (Sininen Joutsen)"],"packagingLabelCodes":["GOODS_FROM_FINLAND_BLUE_SWAN"],"hierarchyPath":[{"id":"1591691244827937","name":"Muut erikoisjuustot","slug":"juustot-0/ruoka-ja-herkuttelujuustot/muut-erikoisjuustot","__typename":"HierarchyPathItem"},{"id":"1591691244827915","name":"Ruoka- ja herkuttelujuustot","slug":"juustot-0/ruoka-ja-herkuttelujuustot","__typename":"HierarchyPathItem"},{"id":"Herkku_00000003","name":"Juustot","slug":"juustot-0","__typename":"HierarchyPathItem"}],"isGlobalFallback":null,"countryName":{"fi":"Suomi","__typename":"CountryName"}},{"id":"6408430039326","ean":"6408430039326","name":"Valio Koskenlaskija® e250 g voimakas sulatejuusto laktoositon","price":3.69,"storeId":725782447,"__typename":"Product","approxPrice":false,"basicQuantityUnit":"KPL","comparisonPrice":14.76,"comparisonUnit":"KGM","consumerPackageSize":null,"consumerPackageUnit":null,"priceUnit":"KPL","quantityMultiplier":1,"brandName":"KOSKENLASKIJA LAKT","slug":"valio-koskenlaskijar-e250-g-voimakas-sulatejuusto-laktoositon","isAgeLimitedByAlcohol":false,"frozen":false,"packagingLabels":["Hyvää Suomesta (Sininen Joutsen)"],"packagingLabelCodes":["GOODS_FROM_FINLAND_BLUE_SWAN"],"hierarchyPath":[{"id":"1591691244827937","name":"Muut erikoisjuustot","slug":"juustot-0/ruoka-ja-herkuttelujuustot/muut-erikoisjuustot","__typename":"HierarchyPathItem"},{"id":"1591691244827915","name":"Ruoka- ja herkuttelujuustot","slug":"juustot-0/ruoka-ja-herkuttelujuustot","__typename":"HierarchyPathItem"},{"id":"Herkku_00000003","name":"Juustot","slug":"juustot-0","__typename":"HierarchyPathItem"}],"isGlobalFallback":null,"countryName":{"fi":"Suomi","__typename":"CountryName"}},{"id":"6408430039371","ean":"6408430039371","name":"Valio Oltermanni® 17 % e450 g","price":4.49,"storeId":725782447,"__typename":"Product","approxPrice":false,"basicQuantityUnit":"KPL","comparisonPrice":9.98,"comparisonUnit":"KGM","consumerPackageSize":null,"consumerPackageUnit":null,"priceUnit":"KPL","quantityMultiplier":1,"brandName":"Valio Oltermanni","slug":"valio-oltermannir-17-e450-g","isAgeLimitedByAlcohol":false,"frozen":false,"packagingLabels":["Hyvää Suomesta (Sininen Joutsen)"],"packagingLabelCodes":["GOODS_FROM_FINLAND_BLUE_SWAN"],"hierarchyPath":[{"id":"1591691244827921","name":"Kermajuustot","slug":"juustot-0/pala-ja-viipalejuustot/kermajuustot","__typename":"HierarchyPathItem"},{"id":"1591691244827914","name":"Pala- ja viipalejuustot","slug":"juustot-0/pala-ja-viipalejuustot","__typename":"HierarchyPathItem"},{"id":"Herkku_00000003","name":"Juustot","slug":"juustot-0","__typename":"HierarchyPathItem"}],"isGlobalFallback":null,"countryName":{"fi":"Suomi","__typename":"CountryName"}},{"id":"6408430039432","ean":"6408430039432","name":"Valio Oltermanni® e1 kg","price":7.99,"storeId":725782447,"__typename":"Product","approxPrice":false,"basicQuantityUnit":"KPL","comparisonPrice":7.99,"comparisonUnit":"KGM","consumerPackageSize":null,"consumerPackageUnit":null,"priceUnit":"KPL","quantityMultiplier":1,"brandName":"Valio Oltermanni","slug":"valio-oltermannir-e1-kg","isAgeLimitedByAlcohol":false,"frozen":false,"packagingLabels":["Hyvää Suomesta (Sininen Joutsen)"],"packagingLabelCodes":["GOODS_FROM_FINLAND_BLUE_SWAN"],"hierarchyPath":[{"id":"1591691244827921","name":"Kermajuustot","slug":"juustot-0/pala-ja-viipalejuustot/kermajuustot","__typename":"HierarchyPathItem"},{"id":"1591691244827914","name":"Pala- ja viipalejuustot","slug":"juustot-0/pala-ja-viipalejuustot","__typename":"HierarchyPathItem"},{"id":"Herkku_00000003","name":"Juustot","slug":"juustot-0","__typename":"HierarchyPathItem"}],"isGlobalFallback":null,"countryName":{"fi":"Suomi","__typename":"CountryName"}},{"id":"6408430039517","ean":"6408430039517","name":"Valio Oltermanni® 17 % e900 g","price":7.99,"storeId":725782447,"__typename":"Product","approxPrice":false,"basicQuantityUnit":"KPL","comparisonPrice":8.88,"comparisonUnit":"KGM","consumerPackageSize":null,"consumerPackageUnit":null,"priceUnit":"KPL","quantityMultiplier":1,"brandName":"Valio Oltermanni","slug":"valio-oltermannir-17-e900-g","isAgeLimitedByAlcohol":false,"frozen":false,"packagingLabels":["Hyvää Suomesta (Sininen Joutsen)"],"packagingLabelCodes":["GOODS_FROM_FINLAND_BLUE_SWAN"],"hierarchyPath":[{"id":"1591691244827921","name":"Kermajuustot","slug":"juustot-0/pala-ja-viipalejuustot/kermajuustot","__typename":"HierarchyPathItem"},{"id":"1591691244827914","name":"Pala- ja viipalejuustot","slug":"juustot-0/pala-ja-viipalejuustot","__typename":"HierarchyPathItem"},{"id":"Herkku_00000003","name":"Juustot","slug":"juustot-0","__typename":"HierarchyPathItem"}],"isGlobalFallback":null,"countryName":{"fi":"Suomi","__typename":"CountryName"}},{"id":"6408430040049","ean":"6408430040049","name":"Valio Play® Viilis® 200 g omena-päärynä laktoositon","price":0.82,"storeId":725782447,"__typename":"Product","approxPrice":false,"basicQuantityUnit":"KPL","comparisonPrice":4.1,"comparisonUnit":"KGM","consumerPackageSize":null,"consumerPackageUnit":null,"priceUnit":"KPL","quantityMultiplier":1,"brandName":"Valio Play","slug":"valio-playr-viilisr-200-g-omena-paaryna-laktoositon","isAgeLimitedByAlcohol":false,"frozen":false,"packagingLabels":["Hyvää Suomesta (Sininen Joutsen)"],"packagingLabelCodes":["GOODS_FROM_FINLAND_BLUE_SWAN"],"hierarchyPath":[{"id":"Herkku_00000635","name":"Maustetut viilit","slug":"maito-munat-ja-rasvat-0/viilit/maustetut-viilit","__typename":"HierarchyPathItem"},{"id":"Herkku_00000117","name":"Viilit","slug":"maito-munat-ja-rasvat-0/viilit","__typename":"HierarchyPathItem"},{"id":"Herkku_00000006","name":"Maito, munat ja rasvat","slug":"maito-munat-ja-rasvat-0","__typename":"HierarchyPathItem"}],"isGlobalFallback":null,"countryName":{"fi":"Suomi","__typename":"CountryName"}},{"id":"6408430040360","ean":"6408430040360","name":"Valio Play® Viilis® 200 g vadelma-mansikka laktoositon","price":0.82,"storeId":725782447,"__typename":"Product","approxPrice":false,"basicQuantityUnit":"KPL","comparisonPrice":4.1,"comparisonUnit":"KGM","consumerPackageSize":null,"consumerPackageUnit":null,"priceUnit":"KPL","quantityMultiplier":1,"brandName":"Valio Play","slug":"valio-playr-viilisr-200-g-vadelma-mansikka-laktoositon","isAgeLimitedByAlcohol":false,"frozen":false,"packagingLabels":["Hyvää Suomesta (Sininen Joutsen)"],"packagingLabelCodes":["GOODS_FROM_FINLAND_BLUE_SWAN"],"hierarchyPath":[{"id":"Herkku_00000635","name":"Maustetut viilit","slug":"maito-munat-ja-rasvat-0/viilit/maustetut-viilit","__typename":"HierarchyPathItem"},{"id":"Herkku_00000117","name":"Viilit","slug":"maito-munat-ja-rasvat-0/viilit","__typename":"HierarchyPathItem"},{"id":"Herkku_00000006","name":"Maito, munat ja rasvat","slug":"maito-munat-ja-rasvat-0","__typename":"HierarchyPathItem"}],"isGlobalFallback":null,"countryName":{"fi":"Suomi","__typename":"CountryName"}},{"id":"6408430041022","ean":"6408430041022","name":"Valio smetana 120 g laktoositon","price":2.1,"storeId":725782447,"__typename":"Product","approxPrice":false,"basicQuantityUnit":"KPL","comparisonPrice":17.5,"comparisonUnit":"KGM","consumerPackageSize":null,"consumerPackageUnit":null,"priceUnit":"KPL","quantityMultiplier":1,"brandName":"Valio","slug":"valio-smetana-120-g-laktoositon","isAgeLimitedByAlcohol":false,"frozen":false,"packagingLabels":["Hyvää Suomesta (Sininen Joutsen)"],"packagingLabelCodes":["GOODS_FROM_FINLAND_BLUE_SWAN"],"hierarchyPath":[{"id":"1591691235643742","name":"Smetanat","slug":"maito-munat-ja-rasvat-0/kermat/smetanat","__typename":"HierarchyPathItem"},{"id":"1591691235643733","name":"Kermat","slug":"maito-munat-ja-rasvat-0/kermat","__typename":"HierarchyPathItem"},{"id":"Herkku_00000006","name":"Maito, munat ja rasvat","slug":"maito-munat-ja-rasvat-0","__typename":"HierarchyPathItem"}],"isGlobalFallback":null,"countryName":{"fi":"Suomi","__typename":"CountryName"}},{"id":"6408430041312","ean":"6408430041312","name":"Valio crème fraîche 150 g laktoositon, luomu","price":1.69,"storeId":725782447,"__typename":"Product","approxPrice":false,"basicQuantityUnit":"KPL","comparisonPrice":11.27,"comparisonUnit":"KGM","consumerPackageSize":null,"consumerPackageUnit":null,"priceUnit":"KPL","quantityMultiplier":1,"brandName":"Eila","slug":"valio-creme-fraiche-150-g-laktoositon-luomu","isAgeLimitedByAlcohol":false,"frozen":false,"packagingLabels":["EU:n luomutunnus (lehti)"," Hyvää Suomesta (Sininen Joutsen)"],"packagingLabelCodes":["EU_ORGANIC_FARMING"," GOODS_FROM_FINLAND_BLUE_SWAN"],"hierarchyPath":[{"id":"1591691235643741","name":"Ranskankermat","slug":"maito-munat-ja-rasvat-0/kermat/ranskankermat","__typename":"HierarchyPathItem"},{"id":"1591691235643733","name":"Kermat","slug":"maito-munat-ja-rasvat-0/kermat","__typename":"HierarchyPathItem"},{"id":"Herkku_00000006","name":"Maito, munat ja rasvat","slug":"maito-munat-ja-rasvat-0","__typename":"HierarchyPathItem"}],"isGlobalFallback":null,"countryName":{"fi":"Suomi","__typename":"CountryName"}},{"id":"6408430042081","ean":"6408430042081","name":"Valio pehmeä maitorahka 250 g","price":0.99,"storeId":725782447,"__typename":"Product","approxPrice":false,"basicQuantityUnit":"KPL","comparisonPrice":3.96,"comparisonUnit":"KGM","consumerPackageSize":null,"consumerPackageUnit":null,"priceUnit":"KPL","quantityMultiplier":1,"brandName":"Valio","slug":"valio-pehmea-maitorahka-250-g","isAgeLimitedByAlcohol":false,"frozen":false,"packagingLabels":["Hyvää Suomesta (Sininen Joutsen)"," Sydänmerkki"],"packagingLabelCodes":["FINNISH_HEART_SYMBOL"," GOODS_FROM_FINLAND_BLUE_SWAN"],"hierarchyPath":[{"id":"1591691235703025","name":"Maustamattomat rahkat","slug":"maito-munat-ja-rasvat-0/rahkat-vanukkaat-ja-jalkiruoka/maustamattomat-rahkat","__typename":"HierarchyPathItem"},{"id":"Herkku_00000115","name":"Rahkat, vanukkaat ja jälkiruoka","slug":"maito-munat-ja-rasvat-0/rahkat-vanukkaat-ja-jalkiruoka","__typename":"HierarchyPathItem"},{"id":"Herkku_00000006","name":"Maito, munat ja rasvat","slug":"maito-munat-ja-rasvat-0","__typename":"HierarchyPathItem"}],"isGlobalFallback":null,"countryName":{"fi":"Suomi","__typename":"CountryName"}},{"id":"6408430042340","ean":"6408430042340","name":"Valio maustettu rahka 200 g sitruuna laktoositon","price":2.09,"storeId":725782447,"__typename":"Product","approxPrice":false,"basicQuantityUnit":"KPL","comparisonPrice":10.45,"comparisonUnit":"KGM","consumerPackageSize":null,"consumerPackageUnit":null,"priceUnit":"KPL","quantityMultiplier":1,"brandName":"Valio","slug":"valio-maustettu-rahka-200-g-sitruuna-laktoositon","isAgeLimitedByAlcohol":false,"frozen":false,"packagingLabels":["Hyvää Suomesta (Sininen Joutsen)"],"packagingLabelCodes":["GOODS_FROM_FINLAND_BLUE_SWAN"],"hierarchyPath":[{"id":"1591691235703027","name":"Maustetut rahkat","slug":"maito-munat-ja-rasvat-0/rahkat-vanukkaat-ja-jalkiruoka/maustetut-rahkat","__typename":"HierarchyPathItem"},{"id":"Herkku_00000115","name":"Rahkat, vanukkaat ja jälkiruoka","slug":"maito-munat-ja-rasvat-0/rahkat-vanukkaat-ja-jalkiruoka","__typename":"HierarchyPathItem"},{"id":"Herkku_00000006","name":"Maito, munat ja rasvat","slug":"maito-munat-ja-rasvat-0","__typename":"HierarchyPathItem"}],"isGlobalFallback":null,"countryName":{"fi":"Suomi","__typename":"CountryName"}},{"id":"6408430042395","ean":"6408430042395","name":"Valio maustettu rahka 200 g vanilja laktoositon","price":2.09,"storeId":725782447,"__typename":"Product","approxPrice":false,"basicQuantityUnit":"KPL","comparisonPrice":10.45,"comparisonUnit":"KGM","consumerPackageSize":null,"consumerPackageUnit":null,"priceUnit":"KPL","quantityMultiplier":1,"brandName":"Valio","slug":"valio-maustettu-rahka-200-g-vanilja-laktoositon","isAgeLimitedByAlcohol":false,"frozen":false,"packagingLabels":["Hyvää Suomesta (Sininen Joutsen)"],"packagingLabelCodes":["GOODS_FROM_FINLAND_BLUE_SWAN"],"hierarchyPath":[{"id":"1591691235703027","name":"Maustetut rahkat","slug":"maito-munat-ja-rasvat-0/rahkat-vanukkaat-ja-jalkiruoka/maustetut-rahkat","__typename":"HierarchyPathItem"},{"id":"Herkku_00000115","name":"Rahkat, vanukkaat ja jälkiruoka","slug":"maito-munat-ja-rasvat-0/rahkat-vanukkaat-ja-jalkiruoka","__typename":"HierarchyPathItem"},{"id":"Herkku_00000006","name":"Maito, munat ja rasvat","slug":"maito-munat-ja-rasvat-0","__typename":"HierarchyPathItem"}],"isGlobalFallback":null,"countryName":{"fi":"Suomi","__typename":"CountryName"}},{"id":"6408430042685","ean":"6408430042685","name":"Valio maustettu rahka 200 g luumu-kaneli laktoositon","price":2.09,"storeId":725782447,"__typename":"Product","approxPrice":false,"basicQuantityUnit":"KPL","comparisonPrice":10.45,"comparisonUnit":"KGM","consumerPackageSize":null,"consumerPackageUnit":null,"priceUnit":"KPL","quantityMultiplier":1,"brandName":"Valio","slug":"valio-maustettu-rahka-200-g-luumu-kaneli-laktoositon","isAgeLimitedByAlcohol":false,"frozen":false,"packagingLabels":["Hyvää Suomesta (Sininen Joutsen)"],"packagingLabelCodes":["GOODS_FROM_FINLAND_BLUE_SWAN"],"hierarchyPath":[{"id":"1591691235703027","name":"Maustetut rahkat","slug":"maito-munat-ja-rasvat-0/rahkat-vanukkaat-ja-jalkiruoka/maustetut-rahkat","__typename":"HierarchyPathItem"},{"id":"Herkku_00000115","name":"Rahkat, vanukkaat ja jälkiruoka","slug":"maito-munat-ja-rasvat-0/rahkat-vanukkaat-ja-jalkiruoka","__typename":"HierarchyPathItem"},{"id":"Herkku_00000006","name":"Maito, munat ja rasvat","slug":"maito-munat-ja-rasvat-0","__typename":"HierarchyPathItem"}],"isGlobalFallback":null,"countryName":{"fi":"Suomi","__typename":"CountryName"}},{"id":"6408430042692","ean":"6408430042692","name":"Valio PROfeel® proteiinirahka 175 g mansikka laktoositon","price":1.15,"storeId":725782447,"__typename":"Product","approxPrice":false,"basicQuantityUnit":"KPL","comparisonPrice":6.57,"comparisonUnit":"KGM","consumerPackageSize":null,"consumerPackageUnit":null,"priceUnit":"KPL","quantityMultiplier":1,"brandName":"Profeel","slug":"valio-profeelr-proteiinirahka-175-g-mansikka-laktoositon","isAgeLimitedByAlcohol":false,"frozen":false,"packagingLabels":["Hyvää Suomesta (Sininen Joutsen)"," Sydänmerkki"],"packagingLabelCodes":["FINNISH_HEART_SYMBOL"," GOODS_FROM_FINLAND_BLUE_SWAN"],"hierarchyPath":[{"id":"1591691235703027","name":"Maustetut rahkat","slug":"maito-munat-ja-rasvat-0/rahkat-vanukkaat-ja-jalkiruoka/maustetut-rahkat","__typename":"HierarchyPathItem"},{"id":"Herkku_00000115","name":"Rahkat, vanukkaat ja jälkiruoka","slug":"maito-munat-ja-rasvat-0/rahkat-vanukkaat-ja-jalkiruoka","__typename":"HierarchyPathItem"},{"id":"Herkku_00000006","name":"Maito, munat ja rasvat","slug":"maito-munat-ja-rasvat-0","__typename":"HierarchyPathItem"}],"isGlobalFallback":null,"countryName":{"fi":"Suomi","__typename":"CountryName"}},{"id":"6408430042777","ean":"6408430042777","name":"Valio PROfeel® proteiinirahka 175 g vanilja laktoositon","price":1.15,"storeId":725782447,"__typename":"Product","approxPrice":false,"basicQuantityUnit":"KPL","comparisonPrice":6.57,"comparisonUnit":"KGM","consumerPackageSize":null,"consumerPackageUnit":null,"priceUnit":"KPL","quantityMultiplier":1,"brandName":"Profeel","slug":"valio-profeelr-proteiinirahka-175-g-vanilja-laktoositon","isAgeLimitedByAlcohol":false,"frozen":false,"packagingLabels":["Hyvää Suomesta (Sininen Joutsen)"," Sydänmerkki"],"packagingLabelCodes":["FINNISH_HEART_SYMBOL"," GOODS_FROM_FINLAND_BLUE_SWAN"],"hierarchyPath":[{"id":"1591691235703027","name":"Maustetut rahkat","slug":"maito-munat-ja-rasvat-0/rahkat-vanukkaat-ja-jalkiruoka/maustetut-rahkat","__typename":"HierarchyPathItem"},{"id":"Herkku_00000115","name":"Rahkat, vanukkaat ja jälkiruoka","slug":"maito-munat-ja-rasvat-0/rahkat-vanukkaat-ja-jalkiruoka","__typename":"HierarchyPathItem"},{"id":"Herkku_00000006","name":"Maito, munat ja rasvat","slug":"maito-munat-ja-rasvat-0","__typename":"HierarchyPathItem"}],"isGlobalFallback":null,"countryName":{"fi":"Suomi","__typename":"CountryName"}},{"id":"6408430042852","ean":"6408430042852","name":"Valio maustettu rahka 200 g kuningatar laktoositon","price":2.09,"storeId":725782447,"__typename":"Product","approxPrice":false,"basicQuantityUnit":"KPL","comparisonPrice":10.45,"comparisonUnit":"KGM","consumerPackageSize":null,"consumerPackageUnit":null,"priceUnit":"KPL","quantityMultiplier":1,"brandName":"Valio","slug":"valio-maustettu-rahka-200-g-kuningatar-laktoositon","isAgeLimitedByAlcohol":false,"frozen":false,"packagingLabels":["Hyvää Suomesta (Sininen Joutsen)"],"packagingLabelCodes":["GOODS_FROM_FINLAND_BLUE_SWAN"],"hierarchyPath":[{"id":"1591691235703027","name":"Maustetut rahkat","slug":"maito-munat-ja-rasvat-0/rahkat-vanukkaat-ja-jalkiruoka/maustetut-rahkat","__typename":"HierarchyPathItem"},{"id":"Herkku_00000115","name":"Rahkat, vanukkaat ja jälkiruoka","slug":"maito-munat-ja-rasvat-0/rahkat-vanukkaat-ja-jalkiruoka","__typename":"HierarchyPathItem"},{"id":"Herkku_00000006","name":"Maito, munat ja rasvat","slug":"maito-munat-ja-rasvat-0","__typename":"HierarchyPathItem"}],"isGlobalFallback":null,"countryName":{"fi":"Suomi","__typename":"CountryName"}},{"id":"6408430042982","ean":"6408430042982","name":"Valio maustettu rahka 200 g mansikka laktoositon","price":2.09,"storeId":725782447,"__typename":"Product","approxPrice":false,"basicQuantityUnit":"KPL","comparisonPrice":10.45,"comparisonUnit":"KGM","consumerPackageSize":null,"consumerPackageUnit":null,"priceUnit":"KPL","quantityMultiplier":1,"brandName":"Valio","slug":"valio-maustettu-rahka-200-g-mansikka-laktoositon","isAgeLimitedByAlcohol":false,"frozen":false,"packagingLabels":["Hyvää Suomesta (Sininen Joutsen)"],"packagingLabelCodes":["GOODS_FROM_FINLAND_BLUE_SWAN"],"hierarchyPath":[{"id":"1591691235703027","name":"Maustetut rahkat","slug":"maito-munat-ja-rasvat-0/rahkat-vanukkaat-ja-jalkiruoka/maustetut-rahkat","__typename":"HierarchyPathItem"},{"id":"Herkku_00000115","name":"Rahkat, vanukkaat ja jälkiruoka","slug":"maito-munat-ja-rasvat-0/rahkat-vanukkaat-ja-jalkiruoka","__typename":"HierarchyPathItem"},{"id":"Herkku_00000006","name":"Maito, munat ja rasvat","slug":"maito-munat-ja-rasvat-0","__typename":"HierarchyPathItem"}],"isGlobalFallback":null,"countryName":{"fi":"Suomi","__typename":"CountryName"}},{"id":"6408430043019","ean":"6408430043019","name":"Valio raejuusto 200 g","price":1.89,"storeId":725782447,"__typename":"Product","approxPrice":false,"basicQuantityUnit":"KPL","comparisonPrice":9.45,"comparisonUnit":"KGM","consumerPackageSize":null,"consumerPackageUnit":null,"priceUnit":"KPL","quantityMultiplier":1,"brandName":"Valio","slug":"valio-raejuusto-200-g","isAgeLimitedByAlcohol":false,"frozen":false,"packagingLabels":["Hyvää Suomesta (Sininen Joutsen)"," Sydänmerkki"],"packagingLabelCodes":["FINNISH_HEART_SYMBOL"," GOODS_FROM_FINLAND_BLUE_SWAN"],"hierarchyPath":[{"id":"1591691244827927","name":"Raejuustot","slug":"juustot-0/ruoka-ja-herkuttelujuustot/raejuustot","__typename":"HierarchyPathItem"},{"id":"1591691244827915","name":"Ruoka- ja herkuttelujuustot","slug":"juustot-0/ruoka-ja-herkuttelujuustot","__typename":"HierarchyPathItem"},{"id":"Herkku_00000003","name":"Juustot","slug":"juustot-0","__typename":"HierarchyPathItem"}],"isGlobalFallback":null,"countryName":{"fi":"Suomi","__typename":"CountryName"}},{"id":"6408430043071","ean":"6408430043071","name":"Valio raejuusto 400 g","price":3.69,"storeId":725782447,"__typename":"Product","approxPrice":false,"basicQuantityUnit":"KPL","comparisonPrice":9.23,"comparisonUnit":"KGM","consumerPackageSize":null,"consumerPackageUnit":null,"priceUnit":"KPL","quantityMultiplier":1,"brandName":"Valio","slug":"valio-raejuusto-400-g","isAgeLimitedByAlcohol":false,"frozen":false,"packagingLabels":["Hyvää Suomesta (Sininen Joutsen)"," Sydänmerkki"],"packagingLabelCodes":["FINNISH_HEART_SYMBOL"," GOODS_FROM_FINLAND_BLUE_SWAN"],"hierarchyPath":[{"id":"1591691244827927","name":"Raejuustot","slug":"juustot-0/ruoka-ja-herkuttelujuustot/raejuustot","__typename":"HierarchyPathItem"},{"id":"1591691244827915","name":"Ruoka- ja herkuttelujuustot","slug":"juustot-0/ruoka-ja-herkuttelujuustot","__typename":"HierarchyPathItem"},{"id":"Herkku_00000003","name":"Juustot","slug":"juustot-0","__typename":"HierarchyPathItem"}],"isGlobalFallback":null,"countryName":{"fi":"Suomi","__typename":"CountryName"}},{"id":"6408430043132","ean":"6408430043132","name":"Valio raejuusto 200 g rasvaton laktoositon","price":2.65,"storeId":725782447,"__typename":"Product","approxPrice":false,"basicQuantityUnit":"KPL","comparisonPrice":13.25,"comparisonUnit":"KGM","consumerPackageSize":null,"consumerPackageUnit":null,"priceUnit":"KPL","quantityMultiplier":1,"brandName":"Valio","slug":"valio-raejuusto-200-g-rasvaton-laktoositon","isAgeLimitedByAlcohol":false,"frozen":false,"packagingLabels":["Hyvää Suomesta (Sininen Joutsen)"," Sydänmerkki"],"packagingLabelCodes":["FINNISH_HEART_SYMBOL"," GOODS_FROM_FINLAND_BLUE_SWAN"],"hierarchyPath":[{"id":"1591691244827927","name":"Raejuustot","slug":"juustot-0/ruoka-ja-herkuttelujuustot/raejuustot","__typename":"HierarchyPathItem"},{"id":"1591691244827915","name":"Ruoka- ja herkuttelujuustot","slug":"juustot-0/ruoka-ja-herkuttelujuustot","__typename":"HierarchyPathItem"},{"id":"Herkku_00000003","name":"Juustot","slug":"juustot-0","__typename":"HierarchyPathItem"}],"isGlobalFallback":null,"countryName":{"fi":"Suomi","__typename":"CountryName"}},{"id":"6408430043200","ean":"6408430043200","name":"Valio Hyvä suomalainen Arki® rae 500 g","price":2.85,"storeId":725782447,"__typename":"Product","approxPrice":false,"basicQuantityUnit":"KPL","comparisonPrice":5.7,"comparisonUnit":"KGM","consumerPackageSize":null,"consumerPackageUnit":null,"priceUnit":"KPL","quantityMultiplier":1,"brandName":"Arki","slug":"valio-hyva-suomalainen-arkir-rae-500-g","isAgeLimitedByAlcohol":false,"frozen":false,"packagingLabels":["Hyvää Suomesta (Sininen Joutsen)"," Sydänmerkki"],"packagingLabelCodes":["FINNISH_HEART_SYMBOL"," GOODS_FROM_FINLAND_BLUE_SWAN"],"hierarchyPath":[{"id":"1591691244827927","name":"Raejuustot","slug":"juustot-0/ruoka-ja-herkuttelujuustot/raejuustot","__typename":"HierarchyPathItem"},{"id":"1591691244827915","name":"Ruoka- ja herkuttelujuustot","slug":"juustot-0/ruoka-ja-herkuttelujuustot","__typename":"HierarchyPathItem"},{"id":"Herkku_00000003","name":"Juustot","slug":"juustot-0","__typename":"HierarchyPathItem"}],"isGlobalFallback":null,"countryName":{"fi":"Suomi","__typename":"CountryName"}},{"id":"6408430043255","ean":"6408430043255","name":"Valio pehmeä raejuusto 200 g","price":1.79,"storeId":725782447,"__typename":"Product","approxPrice":false,"basicQuantityUnit":"KPL","comparisonPrice":8.95,"comparisonUnit":"KGM","consumerPackageSize":null,"consumerPackageUnit":null,"priceUnit":"KPL","quantityMultiplier":1,"brandName":"Valio","slug":"valio-pehmea-raejuusto-200-g","isAgeLimitedByAlcohol":false,"frozen":false,"packagingLabels":["Hyvää Suomesta (Sininen Joutsen)"],"packagingLabelCodes":["GOODS_FROM_FINLAND_BLUE_SWAN"],"hierarchyPath":[{"id":"1591691244827927","name":"Raejuustot","slug":"juustot-0/ruoka-ja-herkuttelujuustot/raejuustot","__typename":"HierarchyPathItem"},{"id":"1591691244827915","name":"Ruoka- ja herkuttelujuustot","slug":"juustot-0/ruoka-ja-herkuttelujuustot","__typename":"HierarchyPathItem"},{"id":"Herkku_00000003","name":"Juustot","slug":"juustot-0","__typename":"HierarchyPathItem"}],"isGlobalFallback":null,"countryName":{"fi":"Suomi","__typename":"CountryName"}},{"id":"6408430043309","ean":"6408430043309","name":"Valio raejuusto lakka 130 g laktoositon","price":1.75,"storeId":725782447,"__typename":"Product","approxPrice":false,"basicQuantityUnit":"KPL","comparisonPrice":13.46,"comparisonUnit":"KGM","consumerPackageSize":null,"consumerPackageUnit":null,"priceUnit":"KPL","quantityMultiplier":1,"brandName":"Valio","slug":"valio-raejuusto-lakka-130-g-laktoositon","isAgeLimitedByAlcohol":false,"frozen":false,"packagingLabels":["Hyvää Suomesta (Sininen Joutsen)"],"packagingLabelCodes":["GOODS_FROM_FINLAND_BLUE_SWAN"],"hierarchyPath":[{"id":"Herkku_00000649","name":"Muut välipalat ja jälkiruoat","slug":"maito-munat-ja-rasvat-0/rahkat-vanukkaat-ja-jalkiruoka/muut-valipalat-ja-jalkiruoat","__typename":"HierarchyPathItem"},{"id":"Herkku_00000115","name":"Rahkat, vanukkaat ja jälkiruoka","slug":"maito-munat-ja-rasvat-0/rahkat-vanukkaat-ja-jalkiruoka","__typename":"HierarchyPathItem"},{"id":"Herkku_00000006","name":"Maito, munat ja rasvat","slug":"maito-munat-ja-rasvat-0","__typename":"HierarchyPathItem"}],"isGlobalFallback":null,"countryName":{"fi":"Suomi","__typename":"CountryName"}},{"id":"6408430044030","ean":"6408430044030","name":"Valio PROfeel® proteiinirahka 175 g vadelma laktoositon","price":1.15,"storeId":725782447,"__typename":"Product","approxPrice":false,"basicQuantityUnit":"KPL","comparisonPrice":6.57,"comparisonUnit":"KGM","consumerPackageSize":null,"consumerPackageUnit":null,"priceUnit":"KPL","quantityMultiplier":1,"brandName":"Profeel","slug":"valio-profeelr-proteiinirahka-175-g-vadelma-laktoositon","isAgeLimitedByAlcohol":false,"frozen":false,"packagingLabels":["Hyvää Suomesta (Sininen Joutsen)"," Sydänmerkki"],"packagingLabelCodes":["FINNISH_HEART_SYMBOL"," GOODS_FROM_FINLAND_BLUE_SWAN"],"hierarchyPath":[{"id":"1591691235703027","name":"Maustetut rahkat","slug":"maito-munat-ja-rasvat-0/rahkat-vanukkaat-ja-jalkiruoka/maustetut-rahkat","__typename":"HierarchyPathItem"},{"id":"Herkku_00000115","name":"Rahkat, vanukkaat ja jälkiruoka","slug":"maito-munat-ja-rasvat-0/rahkat-vanukkaat-ja-jalkiruoka","__typename":"HierarchyPathItem"},{"id":"Herkku_00000006","name":"Maito, munat ja rasvat","slug":"maito-munat-ja-rasvat-0","__typename":"HierarchyPathItem"}],"isGlobalFallback":null,"countryName":{"fi":"Suomi","__typename":"CountryName"}},{"id":"6408430046546","ean":"6408430046546","name":"Valio Play® maitokaakaojuoma 2,5 dl laktoositon","price":1.55,"storeId":725782447,"__typename":"Product","approxPrice":false,"basicQuantityUnit":"KPL","comparisonPrice":6.2,"comparisonUnit":"LTR","consumerPackageSize":null,"consumerPackageUnit":null,"priceUnit":"KPL","quantityMultiplier":1,"brandName":"Valio Play","slug":"valio-playr-maitokaakaojuoma-2-5-dl-laktoositon","isAgeLimitedByAlcohol":false,"frozen":false,"packagingLabels":["Hyvää Suomesta (Sininen Joutsen)"],"packagingLabelCodes":["GOODS_FROM_FINLAND_BLUE_SWAN"],"hierarchyPath":[{"id":"Herkku_00000512","name":"Kaakaojuomat","slug":"juomat-1/kaakaot/kaakaojuomat","__typename":"HierarchyPathItem"},{"id":"Herkku_00000090","name":"Kaakaot","slug":"juomat-1/kaakaot","__typename":"HierarchyPathItem"},{"id":"Herkku_00000005","name":"Juomat","slug":"juomat-1","__typename":"HierarchyPathItem"}],"isGlobalFallback":null,"countryName":{"fi":"Suomi","__typename":"CountryName"}},{"id":"6408430046669","ean":"6408430046669","name":"Valio Eila® Latte original maitokahvijuoma 2,5 dl laktoositon","price":1.69,"storeId":725782447,"__typename":"Product","approxPrice":false,"basicQuantityUnit":"KPL","comparisonPrice":6.76,"comparisonUnit":"LTR","consumerPackageSize":null,"consumerPackageUnit":null,"priceUnit":"KPL","quantityMultiplier":1,"brandName":"Eila","slug":"valio-eilar-latte-original-maitokahvijuoma-2-5-dl-laktoositon","isAgeLimitedByAlcohol":false,"frozen":false,"packagingLabels":["Hyvää Suomesta (Sininen Joutsen)"],"packagingLabelCodes":["GOODS_FROM_FINLAND_BLUE_SWAN"],"hierarchyPath":[{"id":"1591691235495237","name":"Erikoismaidot","slug":"maito-munat-ja-rasvat-0/maidot-ja-piimat/erikoismaidot","__typename":"HierarchyPathItem"},{"id":"Herkku_00000122","name":"Maidot ja piimät","slug":"maito-munat-ja-rasvat-0/maidot-ja-piimat","__typename":"HierarchyPathItem"},{"id":"Herkku_00000006","name":"Maito, munat ja rasvat","slug":"maito-munat-ja-rasvat-0","__typename":"HierarchyPathItem"}],"isGlobalFallback":null,"countryName":{"fi":"Suomi","__typename":"CountryName"}},{"id":"6408430048441","ean":"6408430048441","name":"Valio Play® maitokaakaojuoma 1 l laktoositon","price":2.89,"storeId":725782447,"__typename":"Product","approxPrice":false,"basicQuantityUnit":"KPL","comparisonPrice":2.89,"comparisonUnit":"LTR","consumerPackageSize":null,"consumerPackageUnit":null,"priceUnit":"KPL","quantityMultiplier":1,"brandName":"Valio Play","slug":"valio-playr-maitokaakaojuoma-1-l-laktoositon","isAgeLimitedByAlcohol":false,"frozen":false,"packagingLabels":["Hyvää Suomesta (Sininen Joutsen)"],"packagingLabelCodes":["GOODS_FROM_FINLAND_BLUE_SWAN"],"hierarchyPath":[{"id":"Herkku_00000512","name":"Kaakaojuomat","slug":"juomat-1/kaakaot/kaakaojuomat","__typename":"HierarchyPathItem"},{"id":"Herkku_00000090","name":"Kaakaot","slug":"juomat-1/kaakaot","__typename":"HierarchyPathItem"},{"id":"Herkku_00000005","name":"Juomat","slug":"juomat-1","__typename":"HierarchyPathItem"}],"isGlobalFallback":null,"countryName":{"fi":"Suomi","__typename":"CountryName"}},{"id":"6408430049288","ean":"6408430049288","name":"Valio Onni® peruna-porkkanavelli 210 g UHT (alk 4 kk)","price":1.05,"storeId":725782447,"__typename":"Product","approxPrice":false,"basicQuantityUnit":"KPL","comparisonPrice":5,"comparisonUnit":"LTR","consumerPackageSize":null,"consumerPackageUnit":null,"priceUnit":"KPL","quantityMultiplier":1,"brandName":"Onni","slug":"valio-onnir-peruna-porkkanavelli-210-g-uht-alk-4-kk","isAgeLimitedByAlcohol":false,"frozen":false,"packagingLabels":["Hyvää Suomesta (Sininen Joutsen)"],"packagingLabelCodes":["GOODS_FROM_FINLAND_BLUE_SWAN"],"hierarchyPath":[{"id":"Herkku_00000401","name":"Valmiit vellit","slug":"lapset-1/puurot-ja-vellit/valmiit-vellit","__typename":"HierarchyPathItem"},{"id":"Herkku_00000068","name":"Puurot ja vellit","slug":"lapset-1/puurot-ja-vellit","__typename":"HierarchyPathItem"},{"id":"Herkku_00000010","name":"Lapset","slug":"lapset-1","__typename":"HierarchyPathItem"}],"isGlobalFallback":null,"countryName":{"fi":"Suomi","__typename":"CountryName"}},{"id":"6408430049332","ean":"6408430049332","name":"Valio Onni® vadelma-mustikkapuuro 215 g UHT (alk 5 kk)","price":1.25,"storeId":725782447,"__typename":"Product","approxPrice":false,"basicQuantityUnit":"KPL","comparisonPrice":5.81,"comparisonUnit":"LTR","consumerPackageSize":null,"consumerPackageUnit":null,"priceUnit":"KPL","quantityMultiplier":1,"brandName":"Onni","slug":"valio-onnir-vadelma-mustikkapuuro-215-g-uht-alk-5-kk","isAgeLimitedByAlcohol":false,"frozen":false,"packagingLabels":[],"packagingLabelCodes":[],"hierarchyPath":[{"id":"Herkku_00000386","name":"Valmiit puurot","slug":"lapset-1/puurot-ja-vellit/valmiit-puurot","__typename":"HierarchyPathItem"},{"id":"Herkku_00000068","name":"Puurot ja vellit","slug":"lapset-1/puurot-ja-vellit","__typename":"HierarchyPathItem"},{"id":"Herkku_00000010","name":"Lapset","slug":"lapset-1","__typename":"HierarchyPathItem"}],"isGlobalFallback":null,"countryName":{"fi":"Suomi","__typename":"CountryName"}},{"id":"6408430049349","ean":"6408430049349","name":"Valio Onni® omena-kaurapuuro 215 g UHT (alk 8 kk)","price":1.25,"storeId":725782447,"__typename":"Product","approxPrice":false,"basicQuantityUnit":"KPL","comparisonPrice":5.81,"comparisonUnit":"LTR","consumerPackageSize":null,"consumerPackageUnit":null,"priceUnit":"KPL","quantityMultiplier":1,"brandName":"Onni","slug":"valio-onnir-omena-kaurapuuro-215-g-uht-alk-8-kk","isAgeLimitedByAlcohol":false,"frozen":false,"packagingLabels":["Hyvää Suomesta (Sininen Joutsen)"],"packagingLabelCodes":["GOODS_FROM_FINLAND_BLUE_SWAN"],"hierarchyPath":[{"id":"Herkku_00000386","name":"Valmiit puurot","slug":"lapset-1/puurot-ja-vellit/valmiit-puurot","__typename":"HierarchyPathItem"},{"id":"Herkku_00000068","name":"Puurot ja vellit","slug":"lapset-1/puurot-ja-vellit","__typename":"HierarchyPathItem"},{"id":"Herkku_00000010","name":"Lapset","slug":"lapset-1","__typename":"HierarchyPathItem"}],"isGlobalFallback":null,"countryName":{"fi":"Suomi","__typename":"CountryName"}},{"id":"6408430061587","ean":"6408430061587","name":"Valio Hedelmätarha® hedelmä-mandariinitäysmehu 1 l hedelmälihaa","price":2.73,"storeId":725782447,"__typename":"Product","approxPrice":false,"basicQuantityUnit":"KPL","comparisonPrice":2.73,"comparisonUnit":"LTR","consumerPackageSize":null,"consumerPackageUnit":null,"priceUnit":"KPL","quantityMultiplier":1,"brandName":"Valio","slug":"valio-hedelmatarhar-hedelma-mandariinitaysmehu-1-l-hedelmalihaa","isAgeLimitedByAlcohol":false,"frozen":false,"packagingLabels":[],"packagingLabelCodes":[],"hierarchyPath":[{"id":"Herkku_00000658","name":"Muut hedelmämehut","slug":"juomat-1/mehut/muut-hedelmamehut","__typename":"HierarchyPathItem"},{"id":"Herkku_00000120","name":"Mehut","slug":"juomat-1/mehut","__typename":"HierarchyPathItem"},{"id":"Herkku_00000005","name":"Juomat","slug":"juomat-1","__typename":"HierarchyPathItem"}],"isGlobalFallback":null,"countryName":{"fi":"Suomi","__typename":"CountryName"}},{"id":"6408430061792","ean":"6408430061792","name":"Valio Gefilus® samettinen juoma 1 l appelsiini-mango laktoositon","price":2.67,"storeId":725782447,"__typename":"Product","approxPrice":false,"basicQuantityUnit":"KPL","comparisonPrice":2.67,"comparisonUnit":"LTR","consumerPackageSize":null,"consumerPackageUnit":null,"priceUnit":"KPL","quantityMultiplier":1,"brandName":"Gefilus","slug":"valio-gefilusr-samettinen-juoma-1-l-appelsiini-mango-laktoositon","isAgeLimitedByAlcohol":false,"frozen":false,"packagingLabels":[],"packagingLabelCodes":[],"hierarchyPath":[{"id":"Herkku_00000666","name":"Muut mehut","slug":"juomat-1/mehut/muut-mehut","__typename":"HierarchyPathItem"},{"id":"Herkku_00000120","name":"Mehut","slug":"juomat-1/mehut","__typename":"HierarchyPathItem"},{"id":"Herkku_00000005","name":"Juomat","slug":"juomat-1","__typename":"HierarchyPathItem"}],"isGlobalFallback":null,"countryName":{"fi":"Suomi","__typename":"CountryName"}},{"id":"6408430062102","ean":"6408430062102","name":"Valio mustikkakeitto 1 kg sokeroimaton","price":2.69,"storeId":725782447,"__typename":"Product","approxPrice":false,"basicQuantityUnit":"KPL","comparisonPrice":2.69,"comparisonUnit":"KGM","consumerPackageSize":null,"consumerPackageUnit":null,"priceUnit":"KPL","quantityMultiplier":1,"brandName":"Valio","slug":"valio-mustikkakeitto-1-kg-sokeroimaton","isAgeLimitedByAlcohol":false,"frozen":false,"packagingLabels":[],"packagingLabelCodes":[],"hierarchyPath":[{"id":"Herkku_00000675","name":"Marjakeitot","slug":"juomat-1/mehut/marjakeitot","__typename":"HierarchyPathItem"},{"id":"Herkku_00000120","name":"Mehut","slug":"juomat-1/mehut","__typename":"HierarchyPathItem"},{"id":"Herkku_00000005","name":"Juomat","slug":"juomat-1","__typename":"HierarchyPathItem"}],"isGlobalFallback":null,"countryName":{"fi":"Suomi","__typename":"CountryName"}},{"id":"6408430062119","ean":"6408430062119","name":"Valio mustikkakeitto 1 kg","price":2.69,"storeId":725782447,"__typename":"Product","approxPrice":false,"basicQuantityUnit":"KPL","comparisonPrice":2.69,"comparisonUnit":"KGM","consumerPackageSize":null,"consumerPackageUnit":null,"priceUnit":"KPL","quantityMultiplier":1,"brandName":"Valio","slug":"valio-mustikkakeitto-1-kg","isAgeLimitedByAlcohol":false,"frozen":false,"packagingLabels":[],"packagingLabelCodes":[],"hierarchyPath":[{"id":"Herkku_00000675","name":"Marjakeitot","slug":"juomat-1/mehut/marjakeitot","__typename":"HierarchyPathItem"},{"id":"Herkku_00000120","name":"Mehut","slug":"juomat-1/mehut","__typename":"HierarchyPathItem"},{"id":"Herkku_00000005","name":"Juomat","slug":"juomat-1","__typename":"HierarchyPathItem"}],"isGlobalFallback":null,"countryName":{"fi":"Suomi","__typename":"CountryName"}},{"id":"6408430062126","ean":"6408430062126","name":"Valio mustikkakeitto 250 g siemenetön","price":1.25,"storeId":725782447,"__typename":"Product","approxPrice":false,"basicQuantityUnit":"KPL","comparisonPrice":5,"comparisonUnit":"KGM","consumerPackageSize":null,"consumerPackageUnit":null,"priceUnit":"KPL","quantityMultiplier":1,"brandName":"Valio","slug":"valio-mustikkakeitto-250-g-siemeneton","isAgeLimitedByAlcohol":false,"frozen":false,"packagingLabels":[],"packagingLabelCodes":[],"hierarchyPath":[{"id":"Herkku_00000460","name":"Jälkiruokakeitot","slug":"kuivatuotteet-ja-leivonta-1/jalkiruoat/jalkiruokakeitot","__typename":"HierarchyPathItem"},{"id":"Herkku_00000085","name":"Jälkiruoat","slug":"kuivatuotteet-ja-leivonta-1/jalkiruoat","__typename":"HierarchyPathItem"},{"id":"Herkku_00000007","name":"Kuivatuotteet ja leivonta","slug":"kuivatuotteet-ja-leivonta-1","__typename":"HierarchyPathItem"}],"isGlobalFallback":null,"countryName":{"fi":"Suomi","__typename":"CountryName"}},{"id":"6408430062133","ean":"6408430062133","name":"Valio mansikkakeitto 1 kg","price":2.69,"storeId":725782447,"__typename":"Product","approxPrice":false,"basicQuantityUnit":"KPL","comparisonPrice":2.69,"comparisonUnit":"KGM","consumerPackageSize":null,"consumerPackageUnit":null,"priceUnit":"KPL","quantityMultiplier":1,"brandName":"Valio","slug":"valio-mansikkakeitto-1-kg","isAgeLimitedByAlcohol":false,"frozen":false,"packagingLabels":[],"packagingLabelCodes":[],"hierarchyPath":[{"id":"Herkku_00000675","name":"Marjakeitot","slug":"juomat-1/mehut/marjakeitot","__typename":"HierarchyPathItem"},{"id":"Herkku_00000120","name":"Mehut","slug":"juomat-1/mehut","__typename":"HierarchyPathItem"},{"id":"Herkku_00000005","name":"Juomat","slug":"juomat-1","__typename":"HierarchyPathItem"}],"isGlobalFallback":null,"countryName":{"fi":"Suomi","__typename":"CountryName"}},{"id":"6408430062140","ean":"6408430062140","name":"Valio mansikkakeitto 1 kg sokeroimaton","price":2.69,"storeId":725782447,"__typename":"Product","approxPrice":false,"basicQuantityUnit":"KPL","comparisonPrice":2.69,"comparisonUnit":"KGM","consumerPackageSize":null,"consumerPackageUnit":null,"priceUnit":"KPL","quantityMultiplier":1,"brandName":"Valio","slug":"valio-mansikkakeitto-1-kg-sokeroimaton","isAgeLimitedByAlcohol":false,"frozen":false,"packagingLabels":[],"packagingLabelCodes":[],"hierarchyPath":[{"id":"Herkku_00000675","name":"Marjakeitot","slug":"juomat-1/mehut/marjakeitot","__typename":"HierarchyPathItem"},{"id":"Herkku_00000120","name":"Mehut","slug":"juomat-1/mehut","__typename":"HierarchyPathItem"},{"id":"Herkku_00000005","name":"Juomat","slug":"juomat-1","__typename":"HierarchyPathItem"}],"isGlobalFallback":null,"countryName":{"fi":"Suomi","__typename":"CountryName"}},{"id":"6408430062171","ean":"6408430062171","name":"Valio vadelmakeitto 1 kg sokeroimaton","price":2.69,"storeId":725782447,"__typename":"Product","approxPrice":false,"basicQuantityUnit":"KPL","comparisonPrice":2.69,"comparisonUnit":"KGM","consumerPackageSize":null,"consumerPackageUnit":null,"priceUnit":"KPL","quantityMultiplier":1,"brandName":"Valio","slug":"valio-vadelmakeitto-1-kg-sokeroimaton","isAgeLimitedByAlcohol":false,"frozen":false,"packagingLabels":[],"packagingLabelCodes":[],"hierarchyPath":[{"id":"Herkku_00000675","name":"Marjakeitot","slug":"juomat-1/mehut/marjakeitot","__typename":"HierarchyPathItem"},{"id":"Herkku_00000120","name":"Mehut","slug":"juomat-1/mehut","__typename":"HierarchyPathItem"},{"id":"Herkku_00000005","name":"Juomat","slug":"juomat-1","__typename":"HierarchyPathItem"}],"isGlobalFallback":null,"countryName":{"fi":"Suomi","__typename":"CountryName"}},{"id":"6408430062195","ean":"6408430062195","name":"Valio karviais-boysenmarjakeitto+kuitu 1 kg sokeroimaton","price":2.69,"storeId":725782447,"__typename":"Product","approxPrice":false,"basicQuantityUnit":"KPL","comparisonPrice":2.69,"comparisonUnit":"KGM","consumerPackageSize":null,"consumerPackageUnit":null,"priceUnit":"KPL","quantityMultiplier":1,"brandName":"Valio","slug":"valio-karviais-boysenmarjakeittokuitu-1-kg-sokeroimaton","isAgeLimitedByAlcohol":false,"frozen":false,"packagingLabels":[],"packagingLabelCodes":[],"hierarchyPath":[{"id":"Herkku_00000675","name":"Marjakeitot","slug":"juomat-1/mehut/marjakeitot","__typename":"HierarchyPathItem"},{"id":"Herkku_00000120","name":"Mehut","slug":"juomat-1/mehut","__typename":"HierarchyPathItem"},{"id":"Herkku_00000005","name":"Juomat","slug":"juomat-1","__typename":"HierarchyPathItem"}],"isGlobalFallback":null,"countryName":{"fi":"Suomi","__typename":"CountryName"}},{"id":"6408430062249","ean":"6408430062249","name":"Valio luumu-rusinakeitto 1 kg","price":2.69,"storeId":725782447,"__typename":"Product","approxPrice":false,"basicQuantityUnit":"KPL","comparisonPrice":2.69,"comparisonUnit":"KGM","consumerPackageSize":null,"consumerPackageUnit":null,"priceUnit":"KPL","quantityMultiplier":1,"brandName":"Valio","slug":"valio-luumu-rusinakeitto-1-kg","isAgeLimitedByAlcohol":false,"frozen":false,"packagingLabels":[],"packagingLabelCodes":[],"hierarchyPath":[{"id":"Herkku_00000675","name":"Marjakeitot","slug":"juomat-1/mehut/marjakeitot","__typename":"HierarchyPathItem"},{"id":"Herkku_00000120","name":"Mehut","slug":"juomat-1/mehut","__typename":"HierarchyPathItem"},{"id":"Herkku_00000005","name":"Juomat","slug":"juomat-1","__typename":"HierarchyPathItem"}],"isGlobalFallback":null,"countryName":{"fi":"Suomi","__typename":"CountryName"}},{"id":"6408430064656","ean":"6408430064656","name":"Valio Gefilus® mehu 1 l appelsiini-persikka+kuitu","price":2.67,"storeId":725782447,"__typename":"Product","approxPrice":false,"basicQuantityUnit":"KPL","comparisonPrice":2.67,"comparisonUnit":"LTR","consumerPackageSize":null,"consumerPackageUnit":null,"priceUnit":"KPL","quantityMultiplier":1,"brandName":"Gefilus","slug":"valio-gefilusr-mehu-1-l-appelsiini-persikkakuitu","isAgeLimitedByAlcohol":false,"frozen":false,"packagingLabels":[],"packagingLabelCodes":[],"hierarchyPath":[{"id":"Herkku_00000666","name":"Muut mehut","slug":"juomat-1/mehut/muut-mehut","__typename":"HierarchyPathItem"},{"id":"Herkku_00000120","name":"Mehut","slug":"juomat-1/mehut","__typename":"HierarchyPathItem"},{"id":"Herkku_00000005","name":"Juomat","slug":"juomat-1","__typename":"HierarchyPathItem"}],"isGlobalFallback":null,"countryName":{"fi":"Suomi","__typename":"CountryName"}},{"id":"6408430064687","ean":"6408430064687","name":"Valio glögi tumma 1 l sokeroimaton kausituote","price":2.09,"storeId":725782447,"__typename":"Product","approxPrice":false,"basicQuantityUnit":"KPL","comparisonPrice":2.09,"comparisonUnit":"LTR","consumerPackageSize":null,"consumerPackageUnit":null,"priceUnit":"KPL","quantityMultiplier":1,"brandName":"Valio","slug":"valio-glogi-tumma-1-l-sokeroimaton-kausituote","isAgeLimitedByAlcohol":false,"frozen":false,"packagingLabels":[],"packagingLabelCodes":[],"hierarchyPath":[{"id":"1591691224561860","name":"Kausijuomat","slug":"juomat-1/kausijuomat","__typename":"HierarchyPathItem"},{"id":"Herkku_00000005","name":"Juomat","slug":"juomat-1","__typename":"HierarchyPathItem"}],"isGlobalFallback":null,"countryName":{"fi":"Suomi","__typename":"CountryName"}},{"id":"6408430064885","ean":"6408430064885","name":"Valio Gefilus® mehu 1 l viisi hedelmää","price":2.67,"storeId":725782447,"__typename":"Product","approxPrice":false,"basicQuantityUnit":"KPL","comparisonPrice":2.67,"comparisonUnit":"LTR","consumerPackageSize":null,"consumerPackageUnit":null,"priceUnit":"KPL","quantityMultiplier":1,"brandName":"Gefilus","slug":"valio-gefilusr-mehu-1-l-viisi-hedelmaa","isAgeLimitedByAlcohol":false,"frozen":false,"packagingLabels":[],"packagingLabelCodes":[],"hierarchyPath":[{"id":"Herkku_00000666","name":"Muut mehut","slug":"juomat-1/mehut/muut-mehut","__typename":"HierarchyPathItem"},{"id":"Herkku_00000120","name":"Mehut","slug":"juomat-1/mehut","__typename":"HierarchyPathItem"},{"id":"Herkku_00000005","name":"Juomat","slug":"juomat-1","__typename":"HierarchyPathItem"}],"isGlobalFallback":null,"countryName":{"fi":"Suomi","__typename":"CountryName"}},{"id":"6408430064892","ean":"6408430064892","name":"Valio Gefilus® mehu 1 l ananas-porkkana+kalsium","price":2.67,"storeId":725782447,"__typename":"Product","approxPrice":false,"basicQuantityUnit":"KPL","comparisonPrice":2.67,"comparisonUnit":"LTR","consumerPackageSize":null,"consumerPackageUnit":null,"priceUnit":"KPL","quantityMultiplier":1,"brandName":"Gefilus","slug":"valio-gefilusr-mehu-1-l-ananas-porkkanakalsium","isAgeLimitedByAlcohol":false,"frozen":false,"packagingLabels":[],"packagingLabelCodes":[],"hierarchyPath":[{"id":"Herkku_00000666","name":"Muut mehut","slug":"juomat-1/mehut/muut-mehut","__typename":"HierarchyPathItem"},{"id":"Herkku_00000120","name":"Mehut","slug":"juomat-1/mehut","__typename":"HierarchyPathItem"},{"id":"Herkku_00000005","name":"Juomat","slug":"juomat-1","__typename":"HierarchyPathItem"}],"isGlobalFallback":null,"countryName":{"fi":"Suomi","__typename":"CountryName"}},{"id":"6408430064922","ean":"6408430064922","name":"Valio glögi vaalea 1 l kausituote","price":2.09,"storeId":725782447,"__typename":"Product","approxPrice":false,"basicQuantityUnit":"KPL","comparisonPrice":2.09,"comparisonUnit":"LTR","consumerPackageSize":null,"consumerPackageUnit":null,"priceUnit":"KPL","quantityMultiplier":1,"brandName":"Valio","slug":"valio-glogi-vaalea-1-l-kausituote","isAgeLimitedByAlcohol":false,"frozen":false,"packagingLabels":[],"packagingLabelCodes":[],"hierarchyPath":[{"id":"1591691224561860","name":"Kausijuomat","slug":"juomat-1/kausijuomat","__typename":"HierarchyPathItem"},{"id":"Herkku_00000005","name":"Juomat","slug":"juomat-1","__typename":"HierarchyPathItem"}],"isGlobalFallback":null,"countryName":{"fi":"Suomi","__typename":"CountryName"}},{"id":"6408430101283","ean":"6408430101283","name":"Valio PROfeel® sokeroimaton proteiinijuoma suklaa 2,5 dl UHT laktoositon","price":1.89,"storeId":725782447,"__typename":"Product","approxPrice":false,"basicQuantityUnit":"KPL","comparisonPrice":7.56,"comparisonUnit":"LTR","consumerPackageSize":null,"consumerPackageUnit":null,"priceUnit":"KPL","quantityMultiplier":1,"brandName":"Profeel","slug":"valio-profeelr-sokeroimaton-proteiinijuoma-suklaa-2-5-dl-uht-laktoositon","isAgeLimitedByAlcohol":false,"frozen":false,"packagingLabels":["Hyvää Suomesta (Sininen Joutsen)"],"packagingLabelCodes":["GOODS_FROM_FINLAND_BLUE_SWAN"],"hierarchyPath":[{"id":"Herkku_00000973","name":"Maitopohjaiset proteiinijuomat","slug":"luontaistuotteet-ja-lisaravinteet-1/urheiluravinnejuomat/maitopohjaiset-proteiinijuomat","__typename":"HierarchyPathItem"},{"id":"Herkku_00000158","name":"Urheiluravinnejuomat","slug":"luontaistuotteet-ja-lisaravinteet-1/urheiluravinnejuomat","__typename":"HierarchyPathItem"},{"id":"Herkku_00000016","name":"Luontaistuotteet ja lisäravinteet","slug":"luontaistuotteet-ja-lisaravinteet-1","__typename":"HierarchyPathItem"}],"isGlobalFallback":null,"countryName":{"fi":"Suomi","__typename":"CountryName"}},{"id":"6408430101290","ean":"6408430101290","name":"Valio PROfeel® sokeroimaton proteiinijuoma mansikkainen 2,5 dl UHT laktoositon","price":1.89,"storeId":725782447,"__typename":"Product","approxPrice":false,"basicQuantityUnit":"KPL","comparisonPrice":7.56,"comparisonUnit":"LTR","consumerPackageSize":null,"consumerPackageUnit":null,"priceUnit":"KPL","quantityMultiplier":1,"brandName":"Profeel","slug":"valio-profeelr-sokeroimaton-proteiinijuoma-mansikkainen-2-5-dl-uht-laktoositon","isAgeLimitedByAlcohol":false,"frozen":false,"packagingLabels":["Hyvää Suomesta (Sininen Joutsen)"],"packagingLabelCodes":["GOODS_FROM_FINLAND_BLUE_SWAN"],"hierarchyPath":[{"id":"Herkku_00000973","name":"Maitopohjaiset proteiinijuomat","slug":"luontaistuotteet-ja-lisaravinteet-1/urheiluravinnejuomat/maitopohjaiset-proteiinijuomat","__typename":"HierarchyPathItem"},{"id":"Herkku_00000158","name":"Urheiluravinnejuomat","slug":"luontaistuotteet-ja-lisaravinteet-1/urheiluravinnejuomat","__typename":"HierarchyPathItem"},{"id":"Herkku_00000016","name":"Luontaistuotteet ja lisäravinteet","slug":"luontaistuotteet-ja-lisaravinteet-1","__typename":"HierarchyPathItem"}],"isGlobalFallback":null,"countryName":{"fi":"Suomi","__typename":"CountryName"}},{"id":"6408430102068","ean":"6408430102068","name":"Valio Oddlygood® Barista kaurajuoma 1 l UHT gluteeniton","price":2.15,"storeId":725782447,"__typename":"Product","approxPrice":false,"basicQuantityUnit":"KPL","comparisonPrice":2.15,"comparisonUnit":"LTR","consumerPackageSize":null,"consumerPackageUnit":null,"priceUnit":"KPL","quantityMultiplier":1,"brandName":"Oddlygood","slug":"valio-oddlygoodr-barista-kaurajuoma-1-l-uht-gluteeniton","isAgeLimitedByAlcohol":false,"frozen":false,"packagingLabels":[],"packagingLabelCodes":[],"hierarchyPath":[{"id":"Herkku_00000683","name":"Kaurajuomat","slug":"maito-munat-ja-rasvat-0/kasvipohjaiset-maitojuomat/kaurajuomat","__typename":"HierarchyPathItem"},{"id":"Herkku_00000123","name":"Kasvipohjaiset maitojuomat","slug":"maito-munat-ja-rasvat-0/kasvipohjaiset-maitojuomat","__typename":"HierarchyPathItem"},{"id":"Herkku_00000006","name":"Maito, munat ja rasvat","slug":"maito-munat-ja-rasvat-0","__typename":"HierarchyPathItem"}],"isGlobalFallback":null,"countryName":{"fi":"Suomi","__typename":"CountryName"}},{"id":"6408430141227","ean":"6408430141227","name":"Valio Hyvä suomalainen Arki® crème fraîche 12 % 180 g laktoositon","price":1.45,"storeId":725782447,"__typename":"Product","approxPrice":false,"basicQuantityUnit":"KPL","comparisonPrice":8.06,"comparisonUnit":"KGM","consumerPackageSize":null,"consumerPackageUnit":null,"priceUnit":"KPL","quantityMultiplier":1,"brandName":"Arki","slug":"valio-hyva-suomalainen-arkir-creme-fraiche-12-180-g-laktoositon","isAgeLimitedByAlcohol":false,"frozen":false,"packagingLabels":["Hyvää Suomesta (Sininen Joutsen)"],"packagingLabelCodes":["GOODS_FROM_FINLAND_BLUE_SWAN"],"hierarchyPath":[{"id":"1591691235643741","name":"Ranskankermat","slug":"maito-munat-ja-rasvat-0/kermat/ranskankermat","__typename":"HierarchyPathItem"},{"id":"1591691235643733","name":"Kermat","slug":"maito-munat-ja-rasvat-0/kermat","__typename":"HierarchyPathItem"},{"id":"Herkku_00000006","name":"Maito, munat ja rasvat","slug":"maito-munat-ja-rasvat-0","__typename":"HierarchyPathItem"}],"isGlobalFallback":null,"countryName":{"fi":"Suomi","__typename":"CountryName"}},{"id":"6408430141272","ean":"6408430141272","name":"Valio kermaviilidippi Ranch 200 g HYLA®","price":1.29,"storeId":725782447,"__typename":"Product","approxPrice":false,"basicQuantityUnit":"KPL","comparisonPrice":6.45,"comparisonUnit":"KGM","consumerPackageSize":null,"consumerPackageUnit":null,"priceUnit":"KPL","quantityMultiplier":1,"brandName":"Valio","slug":"valio-kermaviilidippi-ranch-200-g-hylar","isAgeLimitedByAlcohol":false,"frozen":false,"packagingLabels":["Hyvää Suomesta (Sininen Joutsen)"],"packagingLabelCodes":["GOODS_FROM_FINLAND_BLUE_SWAN"],"hierarchyPath":[{"id":"1591691235643752","name":"Kermaviilit","slug":"maito-munat-ja-rasvat-0/kermat/kermaviilit","__typename":"HierarchyPathItem"},{"id":"1591691235643733","name":"Kermat","slug":"maito-munat-ja-rasvat-0/kermat","__typename":"HierarchyPathItem"},{"id":"Herkku_00000006","name":"Maito, munat ja rasvat","slug":"maito-munat-ja-rasvat-0","__typename":"HierarchyPathItem"}],"isGlobalFallback":null,"countryName":{"fi":"Suomi","__typename":"CountryName"}},{"id":"6408430141289","ean":"6408430141289","name":"Valio ruokakerma 2,5 dl sweet chili UHT laktoositon","price":2.39,"storeId":725782447,"__typename":"Product","approxPrice":false,"basicQuantityUnit":"KPL","comparisonPrice":9.56,"comparisonUnit":"LTR","consumerPackageSize":null,"consumerPackageUnit":null,"priceUnit":"KPL","quantityMultiplier":1,"brandName":"Valio","slug":"valio-ruokakerma-2-5-dl-sweet-chili-uht-laktoositon","isAgeLimitedByAlcohol":false,"frozen":false,"packagingLabels":["Hyvää Suomesta (Sininen Joutsen)"],"packagingLabelCodes":["GOODS_FROM_FINLAND_BLUE_SWAN"],"hierarchyPath":[{"id":"1591691235643737","name":"Ruokakermat","slug":"maito-munat-ja-rasvat-0/kermat/ruokakermat","__typename":"HierarchyPathItem"},{"id":"1591691235643733","name":"Kermat","slug":"maito-munat-ja-rasvat-0/kermat","__typename":"HierarchyPathItem"},{"id":"Herkku_00000006","name":"Maito, munat ja rasvat","slug":"maito-munat-ja-rasvat-0","__typename":"HierarchyPathItem"}],"isGlobalFallback":null,"countryName":{"fi":"Suomi","__typename":"CountryName"}},{"id":"6408430141470","ean":"6408430141470","name":"Valio maustettu rahka 200 g mango-passio laktoositon","price":2.09,"storeId":725782447,"__typename":"Product","approxPrice":false,"basicQuantityUnit":"KPL","comparisonPrice":10.45,"comparisonUnit":"KGM","consumerPackageSize":null,"consumerPackageUnit":null,"priceUnit":"KPL","quantityMultiplier":1,"brandName":"Valio","slug":"valio-maustettu-rahka-200-g-mango-passio-laktoositon","isAgeLimitedByAlcohol":false,"frozen":false,"packagingLabels":["Hyvää Suomesta (Sininen Joutsen)"],"packagingLabelCodes":["GOODS_FROM_FINLAND_BLUE_SWAN"],"hierarchyPath":[{"id":"1591691235703027","name":"Maustetut rahkat","slug":"maito-munat-ja-rasvat-0/rahkat-vanukkaat-ja-jalkiruoka/maustetut-rahkat","__typename":"HierarchyPathItem"},{"id":"Herkku_00000115","name":"Rahkat, vanukkaat ja jälkiruoka","slug":"maito-munat-ja-rasvat-0/rahkat-vanukkaat-ja-jalkiruoka","__typename":"HierarchyPathItem"},{"id":"Herkku_00000006","name":"Maito, munat ja rasvat","slug":"maito-munat-ja-rasvat-0","__typename":"HierarchyPathItem"}],"isGlobalFallback":null,"countryName":{"fi":"Suomi","__typename":"CountryName"}},{"id":"6408430141487","ean":"6408430141487","name":"Valio Hyvä suomalainen Arki® rae rasvaton 500 g laktoositon","price":2.85,"storeId":725782447,"__typename":"Product","approxPrice":false,"basicQuantityUnit":"KPL","comparisonPrice":5.7,"comparisonUnit":"KGM","consumerPackageSize":null,"consumerPackageUnit":null,"priceUnit":"KPL","quantityMultiplier":1,"brandName":"Valio","slug":"valio-hyva-suomalainen-arkir-rae-rasvaton-500-g-laktoositon","isAgeLimitedByAlcohol":false,"frozen":false,"packagingLabels":["Hyvää Suomesta (Sininen Joutsen)"," Sydänmerkki"],"packagingLabelCodes":["FINNISH_HEART_SYMBOL"," GOODS_FROM_FINLAND_BLUE_SWAN"],"hierarchyPath":[{"id":"1591691244827927","name":"Raejuustot","slug":"juustot-0/ruoka-ja-herkuttelujuustot/raejuustot","__typename":"HierarchyPathItem"},{"id":"1591691244827915","name":"Ruoka- ja herkuttelujuustot","slug":"juustot-0/ruoka-ja-herkuttelujuustot","__typename":"HierarchyPathItem"},{"id":"Herkku_00000003","name":"Juustot","slug":"juustot-0","__typename":"HierarchyPathItem"}],"isGlobalFallback":null,"countryName":{"fi":"Suomi","__typename":"CountryName"}},{"id":"6408430142026","ean":"6408430142026","name":"Valio kermaviilidippi Sour cream & onion 200 g HYLA®","price":1.29,"storeId":725782447,"__typename":"Product","approxPrice":false,"basicQuantityUnit":"KPL","comparisonPrice":6.45,"comparisonUnit":"KGM","consumerPackageSize":null,"consumerPackageUnit":null,"priceUnit":"KPL","quantityMultiplier":1,"brandName":"Valio","slug":"valio-kermaviilidippi-sour-cream-and-onion-200-g-hylar","isAgeLimitedByAlcohol":false,"frozen":false,"packagingLabels":["Hyvää Suomesta (Sininen Joutsen)"],"packagingLabelCodes":["GOODS_FROM_FINLAND_BLUE_SWAN"],"hierarchyPath":[{"id":"1591691235643752","name":"Kermaviilit","slug":"maito-munat-ja-rasvat-0/kermat/kermaviilit","__typename":"HierarchyPathItem"},{"id":"1591691235643733","name":"Kermat","slug":"maito-munat-ja-rasvat-0/kermat","__typename":"HierarchyPathItem"},{"id":"Herkku_00000006","name":"Maito, munat ja rasvat","slug":"maito-munat-ja-rasvat-0","__typename":"HierarchyPathItem"}],"isGlobalFallback":null,"countryName":{"fi":"Suomi","__typename":"CountryName"}},{"id":"6408430310708","ean":"6408430310708","name":"Valio Oivariini® Herkku 500 g HYLA®","price":4.39,"storeId":725782447,"__typename":"Product","approxPrice":false,"basicQuantityUnit":"KPL","comparisonPrice":8.78,"comparisonUnit":"KGM","consumerPackageSize":null,"consumerPackageUnit":null,"priceUnit":"KPL","quantityMultiplier":1,"brandName":"Valio Oivariini","slug":"valio-oivariinir-herkku-500-g-hylar","isAgeLimitedByAlcohol":false,"frozen":false,"packagingLabels":["Hyvää Suomesta (Sininen Joutsen)"],"packagingLabelCodes":["GOODS_FROM_FINLAND_BLUE_SWAN"],"hierarchyPath":[{"id":"Herkku_00000301","name":"Rasvaseokset","slug":"maito-munat-ja-rasvat-0/rasvat/rasvaseokset","__typename":"HierarchyPathItem"},{"id":"Herkku_00000049","name":"Rasvat","slug":"maito-munat-ja-rasvat-0/rasvat","__typename":"HierarchyPathItem"},{"id":"Herkku_00000006","name":"Maito, munat ja rasvat","slug":"maito-munat-ja-rasvat-0","__typename":"HierarchyPathItem"}],"isGlobalFallback":null,"countryName":{"fi":"Suomi","__typename":"CountryName"}},{"id":"6408430310784","ean":"6408430310784","name":"Valio Oivariini® 400 g oliiviöljy ja hieno merisuola HYLA®","price":3.29,"storeId":725782447,"__typename":"Product","approxPrice":false,"basicQuantityUnit":"KPL","comparisonPrice":8.23,"comparisonUnit":"KGM","consumerPackageSize":null,"consumerPackageUnit":null,"priceUnit":"KPL","quantityMultiplier":1,"brandName":"Valio Oivariini","slug":"valio-oivariinir-400-g-oliivioljy-ja-hieno-merisuola-hylar","isAgeLimitedByAlcohol":false,"frozen":false,"packagingLabels":["Hyvää Suomesta (Sininen Joutsen)"],"packagingLabelCodes":["GOODS_FROM_FINLAND_BLUE_SWAN"],"hierarchyPath":[{"id":"Herkku_00000301","name":"Rasvaseokset","slug":"maito-munat-ja-rasvat-0/rasvat/rasvaseokset","__typename":"HierarchyPathItem"},{"id":"Herkku_00000049","name":"Rasvat","slug":"maito-munat-ja-rasvat-0/rasvat","__typename":"HierarchyPathItem"},{"id":"Herkku_00000006","name":"Maito, munat ja rasvat","slug":"maito-munat-ja-rasvat-0","__typename":"HierarchyPathItem"}],"isGlobalFallback":null,"countryName":{"fi":"Suomi","__typename":"CountryName"}},{"id":"6408430310845","ean":"6408430310845","name":"Valio Oivariini® 350 g vähemmän suolaa ValSa® HYLA®","price":3.29,"storeId":725782447,"__typename":"Product","approxPrice":false,"basicQuantityUnit":"KPL","comparisonPrice":9.4,"comparisonUnit":"KGM","consumerPackageSize":null,"consumerPackageUnit":null,"priceUnit":"KPL","quantityMultiplier":1,"brandName":"Valio Oivariini","slug":"valio-oivariinir-350-g-vahemman-suolaa-valsar-hylar","isAgeLimitedByAlcohol":false,"frozen":false,"packagingLabels":["Hyvää Suomesta (Sininen Joutsen)"],"packagingLabelCodes":["GOODS_FROM_FINLAND_BLUE_SWAN"],"hierarchyPath":[{"id":"Herkku_00000301","name":"Rasvaseokset","slug":"maito-munat-ja-rasvat-0/rasvat/rasvaseokset","__typename":"HierarchyPathItem"},{"id":"Herkku_00000049","name":"Rasvat","slug":"maito-munat-ja-rasvat-0/rasvat","__typename":"HierarchyPathItem"},{"id":"Herkku_00000006","name":"Maito, munat ja rasvat","slug":"maito-munat-ja-rasvat-0","__typename":"HierarchyPathItem"}],"isGlobalFallback":null,"countryName":{"fi":"Suomi","__typename":"CountryName"}},{"id":"6408430310869","ean":"6408430310869","name":"Valio Oivariini® 350 g pehmeästi levittyvä ValSa® HYLA®","price":3.29,"storeId":725782447,"__typename":"Product","approxPrice":false,"basicQuantityUnit":"KPL","comparisonPrice":9.4,"comparisonUnit":"KGM","consumerPackageSize":null,"consumerPackageUnit":null,"priceUnit":"KPL","quantityMultiplier":1,"brandName":"Valio Oivariini","slug":"valio-oivariinir-350-g-pehmeasti-levittyva-valsar-hylar","isAgeLimitedByAlcohol":false,"frozen":false,"packagingLabels":["Hyvää Suomesta (Sininen Joutsen)"],"packagingLabelCodes":["GOODS_FROM_FINLAND_BLUE_SWAN"],"hierarchyPath":[{"id":"Herkku_00000301","name":"Rasvaseokset","slug":"maito-munat-ja-rasvat-0/rasvat/rasvaseokset","__typename":"HierarchyPathItem"},{"id":"Herkku_00000049","name":"Rasvat","slug":"maito-munat-ja-rasvat-0/rasvat","__typename":"HierarchyPathItem"},{"id":"Herkku_00000006","name":"Maito, munat ja rasvat","slug":"maito-munat-ja-rasvat-0","__typename":"HierarchyPathItem"}],"isGlobalFallback":null,"countryName":{"fi":"Suomi","__typename":"CountryName"}},{"id":"6408430310883","ean":"6408430310883","name":"Valio Oivariini® 350 g vähärasvaisempi ValSa® HYLA®","price":3.29,"storeId":725782447,"__typename":"Product","approxPrice":false,"basicQuantityUnit":"KPL","comparisonPrice":9.4,"comparisonUnit":"KGM","consumerPackageSize":null,"consumerPackageUnit":null,"priceUnit":"KPL","quantityMultiplier":1,"brandName":"Valio Oivariini","slug":"valio-oivariinir-350-g-vaharasvaisempi-valsar-hylar","isAgeLimitedByAlcohol":false,"frozen":false,"packagingLabels":["Hyvää Suomesta (Sininen Joutsen)"],"packagingLabelCodes":["GOODS_FROM_FINLAND_BLUE_SWAN"],"hierarchyPath":[{"id":"Herkku_00000301","name":"Rasvaseokset","slug":"maito-munat-ja-rasvat-0/rasvat/rasvaseokset","__typename":"HierarchyPathItem"},{"id":"Herkku_00000049","name":"Rasvat","slug":"maito-munat-ja-rasvat-0/rasvat","__typename":"HierarchyPathItem"},{"id":"Herkku_00000006","name":"Maito, munat ja rasvat","slug":"maito-munat-ja-rasvat-0","__typename":"HierarchyPathItem"}],"isGlobalFallback":null,"countryName":{"fi":"Suomi","__typename":"CountryName"}},{"id":"6408430310944","ean":"6408430310944","name":"Valio Oivariini® 350 g merisuola HYLA®","price":3.29,"storeId":725782447,"__typename":"Product","approxPrice":false,"basicQuantityUnit":"KPL","comparisonPrice":9.4,"comparisonUnit":"KGM","consumerPackageSize":null,"consumerPackageUnit":null,"priceUnit":"KPL","quantityMultiplier":1,"brandName":"Valio","slug":"valio-oivariinir-350-g-merisuola-hylar","isAgeLimitedByAlcohol":false,"frozen":false,"packagingLabels":["Hyvää Suomesta (Sininen Joutsen)"],"packagingLabelCodes":["GOODS_FROM_FINLAND_BLUE_SWAN"],"hierarchyPath":[{"id":"Herkku_00000301","name":"Rasvaseokset","slug":"maito-munat-ja-rasvat-0/rasvat/rasvaseokset","__typename":"HierarchyPathItem"},{"id":"Herkku_00000049","name":"Rasvat","slug":"maito-munat-ja-rasvat-0/rasvat","__typename":"HierarchyPathItem"},{"id":"Herkku_00000006","name":"Maito, munat ja rasvat","slug":"maito-munat-ja-rasvat-0","__typename":"HierarchyPathItem"}],"isGlobalFallback":null,"countryName":{"fi":"Suomi","__typename":"CountryName"}},{"id":"6408430336500","ean":"6408430336500","name":"Valio Viola® kevyt e200 g maustamaton tuorejuusto laktoositon","price":2.55,"storeId":725782447,"__typename":"Product","approxPrice":false,"basicQuantityUnit":"KPL","comparisonPrice":12.75,"comparisonUnit":"KGM","consumerPackageSize":null,"consumerPackageUnit":null,"priceUnit":"KPL","quantityMultiplier":1,"brandName":"Viola","slug":"valio-violar-kevyt-e200-g-maustamaton-tuorejuusto-laktoositon","isAgeLimitedByAlcohol":false,"frozen":false,"packagingLabels":["Hyvää Suomesta (Sininen Joutsen)"," Sydänmerkki"],"packagingLabelCodes":["FINNISH_HEART_SYMBOL"," GOODS_FROM_FINLAND_BLUE_SWAN"],"hierarchyPath":[{"id":"1591691244878258","name":"Levitettävät juustot","slug":"juustot-0/ruoka-ja-herkuttelujuustot/levitettavat-juustot","__typename":"HierarchyPathItem"},{"id":"1591691244827915","name":"Ruoka- ja herkuttelujuustot","slug":"juustot-0/ruoka-ja-herkuttelujuustot","__typename":"HierarchyPathItem"},{"id":"Herkku_00000003","name":"Juustot","slug":"juustot-0","__typename":"HierarchyPathItem"}],"isGlobalFallback":null,"countryName":{"fi":"Suomi","__typename":"CountryName"}},{"id":"6408430337279","ean":"6408430337279","name":"Valio Koskenlaskija® e200 g levittyvä sulatejuusto laktoositon","price":3.85,"storeId":725782447,"__typename":"Product","approxPrice":false,"basicQuantityUnit":"KPL","comparisonPrice":19.25,"comparisonUnit":"KGM","consumerPackageSize":null,"consumerPackageUnit":null,"priceUnit":"KPL","quantityMultiplier":1,"brandName":"KOSKENLASKIJA LAKT","slug":"valio-koskenlaskijar-e200-g-levittyva-sulatejuusto-laktoositon","isAgeLimitedByAlcohol":false,"frozen":false,"packagingLabels":["Hyvää Suomesta (Sininen Joutsen)"],"packagingLabelCodes":["GOODS_FROM_FINLAND_BLUE_SWAN"],"hierarchyPath":[{"id":"1591691244878258","name":"Levitettävät juustot","slug":"juustot-0/ruoka-ja-herkuttelujuustot/levitettavat-juustot","__typename":"HierarchyPathItem"},{"id":"1591691244827915","name":"Ruoka- ja herkuttelujuustot","slug":"juustot-0/ruoka-ja-herkuttelujuustot","__typename":"HierarchyPathItem"},{"id":"Herkku_00000003","name":"Juustot","slug":"juustot-0","__typename":"HierarchyPathItem"}],"isGlobalFallback":null,"countryName":{"fi":"Suomi","__typename":"CountryName"}},{"id":"6408430337545","ean":"6408430337545","name":"Valio Hyvä suomalainen Arki® juusto e750 g","price":5.89,"storeId":725782447,"__typename":"Product","approxPrice":false,"basicQuantityUnit":"KPL","comparisonPrice":7.85,"comparisonUnit":"KGM","consumerPackageSize":null,"consumerPackageUnit":null,"priceUnit":"KPL","quantityMultiplier":1,"brandName":"Arki","slug":"valio-hyva-suomalainen-arkir-juusto-e750-g","isAgeLimitedByAlcohol":false,"frozen":false,"packagingLabels":["Hyvää Suomesta (Sininen Joutsen)"],"packagingLabelCodes":["GOODS_FROM_FINLAND_BLUE_SWAN"],"hierarchyPath":[{"id":"1591691244827919","name":"Edam juustot","slug":"juustot-0/pala-ja-viipalejuustot/edam-juustot","__typename":"HierarchyPathItem"},{"id":"1591691244827914","name":"Pala- ja viipalejuustot","slug":"juustot-0/pala-ja-viipalejuustot","__typename":"HierarchyPathItem"},{"id":"Herkku_00000003","name":"Juustot","slug":"juustot-0","__typename":"HierarchyPathItem"}],"isGlobalFallback":null,"countryName":{"fi":"Suomi","__typename":"CountryName"}},{"id":"6408430338085","ean":"6408430338085","name":"Valio Viola® kevyt e200 g yrtti tuorejuusto laktoositon","price":2.55,"storeId":725782447,"__typename":"Product","approxPrice":false,"basicQuantityUnit":"KPL","comparisonPrice":12.75,"comparisonUnit":"KGM","consumerPackageSize":null,"consumerPackageUnit":null,"priceUnit":"KPL","quantityMultiplier":1,"brandName":"Viola","slug":"valio-violar-kevyt-e200-g-yrtti-tuorejuusto-laktoositon","isAgeLimitedByAlcohol":false,"frozen":false,"packagingLabels":["Hyvää Suomesta (Sininen Joutsen)"," Sydänmerkki"],"packagingLabelCodes":["FINNISH_HEART_SYMBOL"," GOODS_FROM_FINLAND_BLUE_SWAN"],"hierarchyPath":[{"id":"1591691244878258","name":"Levitettävät juustot","slug":"juustot-0/ruoka-ja-herkuttelujuustot/levitettavat-juustot","__typename":"HierarchyPathItem"},{"id":"1591691244827915","name":"Ruoka- ja herkuttelujuustot","slug":"juustot-0/ruoka-ja-herkuttelujuustot","__typename":"HierarchyPathItem"},{"id":"Herkku_00000003","name":"Juustot","slug":"juustot-0","__typename":"HierarchyPathItem"}],"isGlobalFallback":null,"countryName":{"fi":"Suomi","__typename":"CountryName"}},{"id":"6408430338184","ean":"6408430338184","name":"Valio Polar® Täyteläinen e350 g","price":5.65,"storeId":725782447,"__typename":"Product","approxPrice":false,"basicQuantityUnit":"KPL","comparisonPrice":16.14,"comparisonUnit":"KGM","consumerPackageSize":null,"consumerPackageUnit":null,"priceUnit":"KPL","quantityMultiplier":1,"brandName":"Valio Polar","slug":"valio-polarr-taytelainen-e350-g","isAgeLimitedByAlcohol":false,"frozen":false,"packagingLabels":["Hyvää Suomesta (Sininen Joutsen)"],"packagingLabelCodes":["GOODS_FROM_FINLAND_BLUE_SWAN"],"hierarchyPath":[{"id":"1591691244827920","name":"Emmental juustot","slug":"juustot-0/pala-ja-viipalejuustot/emmental-juustot","__typename":"HierarchyPathItem"},{"id":"1591691244827914","name":"Pala- ja viipalejuustot","slug":"juustot-0/pala-ja-viipalejuustot","__typename":"HierarchyPathItem"},{"id":"Herkku_00000003","name":"Juustot","slug":"juustot-0","__typename":"HierarchyPathItem"}],"isGlobalFallback":null,"countryName":{"fi":"Suomi","__typename":"CountryName"}},{"id":"6408430338313","ean":"6408430338313","name":"Valio Hyvä suomalainen Arki® juustoviipale e500 g","price":4.75,"storeId":725782447,"__typename":"Product","approxPrice":false,"basicQuantityUnit":"KPL","comparisonPrice":9.5,"comparisonUnit":"KGM","consumerPackageSize":null,"consumerPackageUnit":null,"priceUnit":"KPL","quantityMultiplier":1,"brandName":"Arki","slug":"valio-hyva-suomalainen-arkir-juustoviipale-e500-g","isAgeLimitedByAlcohol":false,"frozen":false,"packagingLabels":["Hyvää Suomesta (Sininen Joutsen)"],"packagingLabelCodes":["GOODS_FROM_FINLAND_BLUE_SWAN"],"hierarchyPath":[{"id":"1591691244827919","name":"Edam juustot","slug":"juustot-0/pala-ja-viipalejuustot/edam-juustot","__typename":"HierarchyPathItem"},{"id":"1591691244827914","name":"Pala- ja viipalejuustot","slug":"juustot-0/pala-ja-viipalejuustot","__typename":"HierarchyPathItem"},{"id":"Herkku_00000003","name":"Juustot","slug":"juustot-0","__typename":"HierarchyPathItem"}],"isGlobalFallback":null,"countryName":{"fi":"Suomi","__typename":"CountryName"}},{"id":"6408430338436","ean":"6408430338436","name":"Valio Luostari® e350 g","price":5.55,"storeId":725782447,"__typename":"Product","approxPrice":false,"basicQuantityUnit":"KPL","comparisonPrice":15.86,"comparisonUnit":"KGM","consumerPackageSize":null,"consumerPackageUnit":null,"priceUnit":"KPL","quantityMultiplier":1,"brandName":"Valio","slug":"valio-luostarir-e350-g","isAgeLimitedByAlcohol":false,"frozen":false,"packagingLabels":["Hyvää Suomesta (Sininen Joutsen)"],"packagingLabelCodes":["GOODS_FROM_FINLAND_BLUE_SWAN"],"hierarchyPath":[{"id":"1591691244827937","name":"Muut erikoisjuustot","slug":"juustot-0/ruoka-ja-herkuttelujuustot/muut-erikoisjuustot","__typename":"HierarchyPathItem"},{"id":"1591691244827915","name":"Ruoka- ja herkuttelujuustot","slug":"juustot-0/ruoka-ja-herkuttelujuustot","__typename":"HierarchyPathItem"},{"id":"Herkku_00000003","name":"Juustot","slug":"juustot-0","__typename":"HierarchyPathItem"}],"isGlobalFallback":null,"countryName":{"fi":"Suomi","__typename":"CountryName"}},{"id":"6408430338559","ean":"6408430338559","name":"Valio Mustaleima™ e245 g","price":8.25,"storeId":725782447,"__typename":"Product","approxPrice":false,"basicQuantityUnit":"KPL","comparisonPrice":33.67,"comparisonUnit":"KGM","consumerPackageSize":null,"consumerPackageUnit":null,"priceUnit":"KPL","quantityMultiplier":1,"brandName":"Valio","slug":"valio-mustaleimatm-e245-g","isAgeLimitedByAlcohol":false,"frozen":false,"packagingLabels":["Hyvää Suomesta (Sininen Joutsen)"],"packagingLabelCodes":["GOODS_FROM_FINLAND_BLUE_SWAN"],"hierarchyPath":[{"id":"1591691244827920","name":"Emmental juustot","slug":"juustot-0/pala-ja-viipalejuustot/emmental-juustot","__typename":"HierarchyPathItem"},{"id":"1591691244827914","name":"Pala- ja viipalejuustot","slug":"juustot-0/pala-ja-viipalejuustot","__typename":"HierarchyPathItem"},{"id":"Herkku_00000003","name":"Juustot","slug":"juustot-0","__typename":"HierarchyPathItem"}],"isGlobalFallback":null,"countryName":{"fi":"Suomi","__typename":"CountryName"}},{"id":"6408430338771","ean":"6408430338771","name":"Valio Luostari® e275 g viipale","price":4.65,"storeId":725782447,"__typename":"Product","approxPrice":false,"basicQuantityUnit":"KPL","comparisonPrice":16.91,"comparisonUnit":"KGM","consumerPackageSize":null,"consumerPackageUnit":null,"priceUnit":"KPL","quantityMultiplier":1,"brandName":"Valio","slug":"valio-luostarir-e275-g-viipale","isAgeLimitedByAlcohol":false,"frozen":false,"packagingLabels":["Hyvää Suomesta (Sininen Joutsen)"],"packagingLabelCodes":["GOODS_FROM_FINLAND_BLUE_SWAN"],"hierarchyPath":[{"id":"1591691244827923","name":"Muut juustot","slug":"juustot-0/pala-ja-viipalejuustot/muut-juustot","__typename":"HierarchyPathItem"},{"id":"1591691244827914","name":"Pala- ja viipalejuustot","slug":"juustot-0/pala-ja-viipalejuustot","__typename":"HierarchyPathItem"},{"id":"Herkku_00000003","name":"Juustot","slug":"juustot-0","__typename":"HierarchyPathItem"}],"isGlobalFallback":null,"countryName":{"fi":"Suomi","__typename":"CountryName"}},{"id":"6408430339136","ean":"6408430339136","name":"Valio Viola® e200 g vanilja tuorejuusto laktoositon","price":2.55,"storeId":725782447,"__typename":"Product","approxPrice":false,"basicQuantityUnit":"KPL","comparisonPrice":12.75,"comparisonUnit":"KGM","consumerPackageSize":null,"consumerPackageUnit":null,"priceUnit":"KPL","quantityMultiplier":1,"brandName":"Viola","slug":"valio-violar-e200-g-vanilja-tuorejuusto-laktoositon","isAgeLimitedByAlcohol":false,"frozen":false,"packagingLabels":["Hyvää Suomesta (Sininen Joutsen)"],"packagingLabelCodes":["GOODS_FROM_FINLAND_BLUE_SWAN"],"hierarchyPath":[{"id":"1591691244878258","name":"Levitettävät juustot","slug":"juustot-0/ruoka-ja-herkuttelujuustot/levitettavat-juustot","__typename":"HierarchyPathItem"},{"id":"1591691244827915","name":"Ruoka- ja herkuttelujuustot","slug":"juustot-0/ruoka-ja-herkuttelujuustot","__typename":"HierarchyPathItem"},{"id":"Herkku_00000003","name":"Juustot","slug":"juustot-0","__typename":"HierarchyPathItem"}],"isGlobalFallback":null,"countryName":{"fi":"Suomi","__typename":"CountryName"}},{"id":"6408430339143","ean":"6408430339143","name":"Valio Hyvä suomalainen Arki® goudaviipale e400 g","price":4.75,"storeId":725782447,"__typename":"Product","approxPrice":false,"basicQuantityUnit":"KPL","comparisonPrice":11.88,"comparisonUnit":"KGM","consumerPackageSize":null,"consumerPackageUnit":null,"priceUnit":"KPL","quantityMultiplier":1,"brandName":"Arki","slug":"valio-hyva-suomalainen-arkir-goudaviipale-e400-g","isAgeLimitedByAlcohol":false,"frozen":false,"packagingLabels":["Hyvää Suomesta (Sininen Joutsen)"],"packagingLabelCodes":["GOODS_FROM_FINLAND_BLUE_SWAN"],"hierarchyPath":[{"id":"1591691244827922","name":"Gouda juustot","slug":"juustot-0/pala-ja-viipalejuustot/gouda-juustot","__typename":"HierarchyPathItem"},{"id":"1591691244827914","name":"Pala- ja viipalejuustot","slug":"juustot-0/pala-ja-viipalejuustot","__typename":"HierarchyPathItem"},{"id":"Herkku_00000003","name":"Juustot","slug":"juustot-0","__typename":"HierarchyPathItem"}],"isGlobalFallback":null,"countryName":{"fi":"Suomi","__typename":"CountryName"}},{"id":"6408430339181","ean":"6408430339181","name":"Valio Polar® Leppäsavu e270 g viipale","price":4.65,"storeId":725782447,"__typename":"Product","approxPrice":false,"basicQuantityUnit":"KPL","comparisonPrice":17.22,"comparisonUnit":"KGM","consumerPackageSize":null,"consumerPackageUnit":null,"priceUnit":"KPL","quantityMultiplier":1,"brandName":"Valio Polar","slug":"valio-polarr-leppasavu-e270-g-viipale","isAgeLimitedByAlcohol":false,"frozen":false,"packagingLabels":["Hyvää Suomesta (Sininen Joutsen)"],"packagingLabelCodes":["GOODS_FROM_FINLAND_BLUE_SWAN"],"hierarchyPath":[{"id":"1591691244827920","name":"Emmental juustot","slug":"juustot-0/pala-ja-viipalejuustot/emmental-juustot","__typename":"HierarchyPathItem"},{"id":"1591691244827914","name":"Pala- ja viipalejuustot","slug":"juustot-0/pala-ja-viipalejuustot","__typename":"HierarchyPathItem"},{"id":"Herkku_00000003","name":"Juustot","slug":"juustot-0","__typename":"HierarchyPathItem"}],"isGlobalFallback":null,"countryName":{"fi":"Suomi","__typename":"CountryName"}},{"id":"6408430339235","ean":"6408430339235","name":"Valio Mustaleima™ e130 g raaste","price":2.95,"storeId":725782447,"__typename":"Product","approxPrice":false,"basicQuantityUnit":"KPL","comparisonPrice":22.69,"comparisonUnit":"KGM","consumerPackageSize":null,"consumerPackageUnit":null,"priceUnit":"KPL","quantityMultiplier":1,"brandName":"Valio","slug":"valio-mustaleimatm-e130-g-raaste","isAgeLimitedByAlcohol":false,"frozen":false,"packagingLabels":["Hyvää Suomesta (Sininen Joutsen)"],"packagingLabelCodes":["GOODS_FROM_FINLAND_BLUE_SWAN"],"hierarchyPath":[{"id":"1591691244827924","name":"Juustoraasteet","slug":"juustot-0/ruoka-ja-herkuttelujuustot/juustoraasteet","__typename":"HierarchyPathItem"},{"id":"1591691244827915","name":"Ruoka- ja herkuttelujuustot","slug":"juustot-0/ruoka-ja-herkuttelujuustot","__typename":"HierarchyPathItem"},{"id":"Herkku_00000003","name":"Juustot","slug":"juustot-0","__typename":"HierarchyPathItem"}],"isGlobalFallback":null,"countryName":{"fi":"Suomi","__typename":"CountryName"}},{"id":"6408430339327","ean":"6408430339327","name":"Valio Hyvä suomalainen Arki® kermajuustoviipale e400 g","price":4.75,"storeId":725782447,"__typename":"Product","approxPrice":false,"basicQuantityUnit":"KPL","comparisonPrice":11.88,"comparisonUnit":"KGM","consumerPackageSize":null,"consumerPackageUnit":null,"priceUnit":"KPL","quantityMultiplier":1,"brandName":"Arki","slug":"valio-hyva-suomalainen-arkir-kermajuustoviipale-e400-g","isAgeLimitedByAlcohol":false,"frozen":false,"packagingLabels":["Hyvää Suomesta (Sininen Joutsen)"],"packagingLabelCodes":["GOODS_FROM_FINLAND_BLUE_SWAN"],"hierarchyPath":[{"id":"1591691244827921","name":"Kermajuustot","slug":"juustot-0/pala-ja-viipalejuustot/kermajuustot","__typename":"HierarchyPathItem"},{"id":"1591691244827914","name":"Pala- ja viipalejuustot","slug":"juustot-0/pala-ja-viipalejuustot","__typename":"HierarchyPathItem"},{"id":"Herkku_00000003","name":"Juustot","slug":"juustot-0","__typename":"HierarchyPathItem"}],"isGlobalFallback":null,"countryName":{"fi":"Suomi","__typename":"CountryName"}},{"id":"6408430339433","ean":"6408430339433","name":"Valio Koskenlaskija® Ruoka & Dippi e250 g cheddar laktoositon","price":3.69,"storeId":725782447,"__typename":"Product","approxPrice":false,"basicQuantityUnit":"KPL","comparisonPrice":14.76,"comparisonUnit":"KGM","consumerPackageSize":null,"consumerPackageUnit":null,"priceUnit":"KPL","quantityMultiplier":1,"brandName":"Valio","slug":"valio-koskenlaskijar-ruoka-and-dippi-e250-g-cheddar-laktoositon","isAgeLimitedByAlcohol":false,"frozen":false,"packagingLabels":["Hyvää Suomesta (Sininen Joutsen)"],"packagingLabelCodes":["GOODS_FROM_FINLAND_BLUE_SWAN"],"hierarchyPath":[{"id":"1591691244827937","name":"Muut erikoisjuustot","slug":"juustot-0/ruoka-ja-herkuttelujuustot/muut-erikoisjuustot","__typename":"HierarchyPathItem"},{"id":"1591691244827915","name":"Ruoka- ja herkuttelujuustot","slug":"juustot-0/ruoka-ja-herkuttelujuustot","__typename":"HierarchyPathItem"},{"id":"Herkku_00000003","name":"Juustot","slug":"juustot-0","__typename":"HierarchyPathItem"}],"isGlobalFallback":null,"countryName":{"fi":"Suomi","__typename":"CountryName"}},{"id":"6408430339495","ean":"6408430339495","name":"Valio Edam ohuen ohut e130 g viipale","price":3.05,"storeId":725782447,"__typename":"Product","approxPrice":false,"basicQuantityUnit":"KPL","comparisonPrice":23.46,"comparisonUnit":"KGM","consumerPackageSize":null,"consumerPackageUnit":null,"priceUnit":"KPL","quantityMultiplier":1,"brandName":"Valio","slug":"valio-edam-ohuen-ohut-e130-g-viipale","isAgeLimitedByAlcohol":false,"frozen":false,"packagingLabels":["Hyvää Suomesta (Sininen Joutsen)"],"packagingLabelCodes":["GOODS_FROM_FINLAND_BLUE_SWAN"],"hierarchyPath":[{"id":"1591691244827919","name":"Edam juustot","slug":"juustot-0/pala-ja-viipalejuustot/edam-juustot","__typename":"HierarchyPathItem"},{"id":"1591691244827914","name":"Pala- ja viipalejuustot","slug":"juustot-0/pala-ja-viipalejuustot","__typename":"HierarchyPathItem"},{"id":"Herkku_00000003","name":"Juustot","slug":"juustot-0","__typename":"HierarchyPathItem"}],"isGlobalFallback":null,"countryName":{"fi":"Suomi","__typename":"CountryName"}},{"id":"6408430339501","ean":"6408430339501","name":"Valio Polar® Alkuperäinen 15 % ohuen ohut e130 g viipale","price":3.05,"storeId":725782447,"__typename":"Product","approxPrice":false,"basicQuantityUnit":"KPL","comparisonPrice":23.46,"comparisonUnit":"KGM","consumerPackageSize":null,"consumerPackageUnit":null,"priceUnit":"KPL","quantityMultiplier":1,"brandName":"Valio Polar","slug":"valio-polarr-alkuperainen-15-ohuen-ohut-e130-g-viipale","isAgeLimitedByAlcohol":false,"frozen":false,"packagingLabels":["Hyvää Suomesta (Sininen Joutsen)"],"packagingLabelCodes":["GOODS_FROM_FINLAND_BLUE_SWAN"],"hierarchyPath":[{"id":"1591691244827920","name":"Emmental juustot","slug":"juustot-0/pala-ja-viipalejuustot/emmental-juustot","__typename":"HierarchyPathItem"},{"id":"1591691244827914","name":"Pala- ja viipalejuustot","slug":"juustot-0/pala-ja-viipalejuustot","__typename":"HierarchyPathItem"},{"id":"Herkku_00000003","name":"Juustot","slug":"juustot-0","__typename":"HierarchyPathItem"}],"isGlobalFallback":null,"countryName":{"fi":"Suomi","__typename":"CountryName"}},{"id":"6408430339549","ean":"6408430339549","name":"Valio Salaneuvos® ohuen ohut e130 g viipale","price":3.05,"storeId":725782447,"__typename":"Product","approxPrice":false,"basicQuantityUnit":"KPL","comparisonPrice":23.46,"comparisonUnit":"KGM","consumerPackageSize":null,"consumerPackageUnit":null,"priceUnit":"KPL","quantityMultiplier":1,"brandName":"Valio","slug":"valio-salaneuvosr-ohuen-ohut-e130-g-viipale","isAgeLimitedByAlcohol":false,"frozen":false,"packagingLabels":["Hyvää Suomesta (Sininen Joutsen)"],"packagingLabelCodes":["GOODS_FROM_FINLAND_BLUE_SWAN"],"hierarchyPath":[{"id":"1591691244827922","name":"Gouda juustot","slug":"juustot-0/pala-ja-viipalejuustot/gouda-juustot","__typename":"HierarchyPathItem"},{"id":"1591691244827914","name":"Pala- ja viipalejuustot","slug":"juustot-0/pala-ja-viipalejuustot","__typename":"HierarchyPathItem"},{"id":"Herkku_00000003","name":"Juustot","slug":"juustot-0","__typename":"HierarchyPathItem"}],"isGlobalFallback":null,"countryName":{"fi":"Suomi","__typename":"CountryName"}},{"id":"6408430339587","ean":"6408430339587","name":"Valio Luomu™ gouda e500 g","price":7.79,"storeId":725782447,"__typename":"Product","approxPrice":false,"basicQuantityUnit":"KPL","comparisonPrice":15.58,"comparisonUnit":"KGM","consumerPackageSize":null,"consumerPackageUnit":null,"priceUnit":"KPL","quantityMultiplier":1,"brandName":"Valio Luomu","slug":"valio-luomutm-gouda-e500-g","isAgeLimitedByAlcohol":false,"frozen":false,"packagingLabels":["EU:n luomutunnus (lehti)"," Hyvää Suomesta (Sininen Joutsen)"],"packagingLabelCodes":["EU_ORGANIC_FARMING"," GOODS_FROM_FINLAND_BLUE_SWAN"],"hierarchyPath":[{"id":"1591691244827922","name":"Gouda juustot","slug":"juustot-0/pala-ja-viipalejuustot/gouda-juustot","__typename":"HierarchyPathItem"},{"id":"1591691244827914","name":"Pala- ja viipalejuustot","slug":"juustot-0/pala-ja-viipalejuustot","__typename":"HierarchyPathItem"},{"id":"Herkku_00000003","name":"Juustot","slug":"juustot-0","__typename":"HierarchyPathItem"}],"isGlobalFallback":null,"countryName":{"fi":"Suomi","__typename":"CountryName"}},{"id":"6408430339600","ean":"6408430339600","name":"Valio salaattijuusto kuutiot yrtti 160 g laktoositon","price":3.15,"storeId":725782447,"__typename":"Product","approxPrice":false,"basicQuantityUnit":"KPL","comparisonPrice":19.69,"comparisonUnit":"KGM","consumerPackageSize":null,"consumerPackageUnit":null,"priceUnit":"KPL","quantityMultiplier":1,"brandName":"Eila","slug":"valio-salaattijuusto-kuutiot-yrtti-160-g-laktoositon","isAgeLimitedByAlcohol":false,"frozen":false,"packagingLabels":["Hyvää Suomesta (Sininen Joutsen)"],"packagingLabelCodes":["GOODS_FROM_FINLAND_BLUE_SWAN"],"hierarchyPath":[{"id":"1591691244827925","name":"Feta- ja salaattijuustot","slug":"juustot-0/ruoka-ja-herkuttelujuustot/feta-ja-salaattijuustot","__typename":"HierarchyPathItem"},{"id":"1591691244827915","name":"Ruoka- ja herkuttelujuustot","slug":"juustot-0/ruoka-ja-herkuttelujuustot","__typename":"HierarchyPathItem"},{"id":"Herkku_00000003","name":"Juustot","slug":"juustot-0","__typename":"HierarchyPathItem"}],"isGlobalFallback":null,"countryName":{"fi":"Suomi","__typename":"CountryName"}},{"id":"6408430340361","ean":"6408430340361","name":"Valio Polar® Vähemmän suolaa 15 % e270 g viipale ValSa®","price":4.65,"storeId":725782447,"__typename":"Product","approxPrice":false,"basicQuantityUnit":"KPL","comparisonPrice":17.22,"comparisonUnit":"KGM","consumerPackageSize":null,"consumerPackageUnit":null,"priceUnit":"KPL","quantityMultiplier":1,"brandName":"Valio Polar","slug":"valio-polarr-vahemman-suolaa-15-e270-g-viipale-valsar","isAgeLimitedByAlcohol":false,"frozen":false,"packagingLabels":["Hyvää Suomesta (Sininen Joutsen)"," Sydänmerkki"],"packagingLabelCodes":["FINNISH_HEART_SYMBOL"," GOODS_FROM_FINLAND_BLUE_SWAN"],"hierarchyPath":[{"id":"1591691244827920","name":"Emmental juustot","slug":"juustot-0/pala-ja-viipalejuustot/emmental-juustot","__typename":"HierarchyPathItem"},{"id":"1591691244827914","name":"Pala- ja viipalejuustot","slug":"juustot-0/pala-ja-viipalejuustot","__typename":"HierarchyPathItem"},{"id":"Herkku_00000003","name":"Juustot","slug":"juustot-0","__typename":"HierarchyPathItem"}],"isGlobalFallback":null,"countryName":{"fi":"Suomi","__typename":"CountryName"}},{"id":"6408430340453","ean":"6408430340453","name":"Valio Oltermanni® Port Salut e900 g","price":7.99,"storeId":725782447,"__typename":"Product","approxPrice":false,"basicQuantityUnit":"KPL","comparisonPrice":8.88,"comparisonUnit":"KGM","consumerPackageSize":null,"consumerPackageUnit":null,"priceUnit":"KPL","quantityMultiplier":1,"brandName":"Valio Oltermanni","slug":"valio-oltermannir-port-salut-e900-g","isAgeLimitedByAlcohol":false,"frozen":false,"packagingLabels":["Hyvää Suomesta (Sininen Joutsen)"],"packagingLabelCodes":["GOODS_FROM_FINLAND_BLUE_SWAN"],"hierarchyPath":[{"id":"1591691244827921","name":"Kermajuustot","slug":"juustot-0/pala-ja-viipalejuustot/kermajuustot","__typename":"HierarchyPathItem"},{"id":"1591691244827914","name":"Pala- ja viipalejuustot","slug":"juustot-0/pala-ja-viipalejuustot","__typename":"HierarchyPathItem"},{"id":"Herkku_00000003","name":"Juustot","slug":"juustot-0","__typename":"HierarchyPathItem"}],"isGlobalFallback":null,"countryName":{"fi":"Suomi","__typename":"CountryName"}},{"id":"6408430340521","ean":"6408430340521","name":"Valio Oltermanni® e300 g viipale","price":4.65,"storeId":725782447,"__typename":"Product","approxPrice":false,"basicQuantityUnit":"KPL","comparisonPrice":15.5,"comparisonUnit":"KGM","consumerPackageSize":null,"consumerPackageUnit":null,"priceUnit":"KPL","quantityMultiplier":1,"brandName":"Valio Oltermanni","slug":"valio-oltermannir-e300-g-viipale","isAgeLimitedByAlcohol":false,"frozen":false,"packagingLabels":["Hyvää Suomesta (Sininen Joutsen)"],"packagingLabelCodes":["GOODS_FROM_FINLAND_BLUE_SWAN"],"hierarchyPath":[{"id":"1591691244827921","name":"Kermajuustot","slug":"juustot-0/pala-ja-viipalejuustot/kermajuustot","__typename":"HierarchyPathItem"},{"id":"1591691244827914","name":"Pala- ja viipalejuustot","slug":"juustot-0/pala-ja-viipalejuustot","__typename":"HierarchyPathItem"},{"id":"Herkku_00000003","name":"Juustot","slug":"juustot-0","__typename":"HierarchyPathItem"}],"isGlobalFallback":null,"countryName":{"fi":"Suomi","__typename":"CountryName"}},{"id":"6408430340538","ean":"6408430340538","name":"Valio Oltermanni® 17 % e300 g viipale","price":4.65,"storeId":725782447,"__typename":"Product","approxPrice":false,"basicQuantityUnit":"KPL","comparisonPrice":15.5,"comparisonUnit":"KGM","consumerPackageSize":null,"consumerPackageUnit":null,"priceUnit":"KPL","quantityMultiplier":1,"brandName":"Valio Oltermanni","slug":"valio-oltermannir-17-e300-g-viipale","isAgeLimitedByAlcohol":false,"frozen":false,"packagingLabels":["Hyvää Suomesta (Sininen Joutsen)"," Sydänmerkki"],"packagingLabelCodes":["FINNISH_HEART_SYMBOL"," GOODS_FROM_FINLAND_BLUE_SWAN"],"hierarchyPath":[{"id":"1591691244827921","name":"Kermajuustot","slug":"juustot-0/pala-ja-viipalejuustot/kermajuustot","__typename":"HierarchyPathItem"},{"id":"1591691244827914","name":"Pala- ja viipalejuustot","slug":"juustot-0/pala-ja-viipalejuustot","__typename":"HierarchyPathItem"},{"id":"Herkku_00000003","name":"Juustot","slug":"juustot-0","__typename":"HierarchyPathItem"}],"isGlobalFallback":null,"countryName":{"fi":"Suomi","__typename":"CountryName"}},{"id":"6408430341146","ean":"6408430341146","name":"Valio Keisarinna® e300 g","price":8.39,"storeId":725782447,"__typename":"Product","approxPrice":false,"basicQuantityUnit":"KPL","comparisonPrice":27.97,"comparisonUnit":"KGM","consumerPackageSize":null,"consumerPackageUnit":null,"priceUnit":"KPL","quantityMultiplier":1,"brandName":"Valio","slug":"valio-keisarinnar-e300-g","isAgeLimitedByAlcohol":false,"frozen":false,"packagingLabels":["Hyvää Suomesta (Sininen Joutsen)"],"packagingLabelCodes":["GOODS_FROM_FINLAND_BLUE_SWAN"],"hierarchyPath":[{"id":"1591691244827937","name":"Muut erikoisjuustot","slug":"juustot-0/ruoka-ja-herkuttelujuustot/muut-erikoisjuustot","__typename":"HierarchyPathItem"},{"id":"1591691244827915","name":"Ruoka- ja herkuttelujuustot","slug":"juustot-0/ruoka-ja-herkuttelujuustot","__typename":"HierarchyPathItem"},{"id":"Herkku_00000003","name":"Juustot","slug":"juustot-0","__typename":"HierarchyPathItem"}],"isGlobalFallback":null,"countryName":{"fi":"Suomi","__typename":"CountryName"}},{"id":"6408430341894","ean":"6408430341894","name":"Valio Hyvä suomalainen Arki® emmentalviipale e400 g","price":4.75,"storeId":725782447,"__typename":"Product","approxPrice":false,"basicQuantityUnit":"KPL","comparisonPrice":11.88,"comparisonUnit":"KGM","consumerPackageSize":null,"consumerPackageUnit":null,"priceUnit":"KPL","quantityMultiplier":1,"brandName":"Arki","slug":"valio-hyva-suomalainen-arkir-emmentalviipale-e400-g","isAgeLimitedByAlcohol":false,"frozen":false,"packagingLabels":["Hyvää Suomesta (Sininen Joutsen)"],"packagingLabelCodes":["GOODS_FROM_FINLAND_BLUE_SWAN"],"hierarchyPath":[{"id":"1591691244827920","name":"Emmental juustot","slug":"juustot-0/pala-ja-viipalejuustot/emmental-juustot","__typename":"HierarchyPathItem"},{"id":"1591691244827914","name":"Pala- ja viipalejuustot","slug":"juustot-0/pala-ja-viipalejuustot","__typename":"HierarchyPathItem"},{"id":"Herkku_00000003","name":"Juustot","slug":"juustot-0","__typename":"HierarchyPathItem"}],"isGlobalFallback":null,"countryName":{"fi":"Suomi","__typename":"CountryName"}},{"id":"6408430341931","ean":"6408430341931","name":"Valio mozzarella e150 g raaste","price":2.95,"storeId":725782447,"__typename":"Product","approxPrice":false,"basicQuantityUnit":"KPL","comparisonPrice":19.67,"comparisonUnit":"KGM","consumerPackageSize":null,"consumerPackageUnit":null,"priceUnit":"KPL","quantityMultiplier":1,"brandName":"Valio","slug":"valio-mozzarella-e150-g-raaste","isAgeLimitedByAlcohol":false,"frozen":false,"packagingLabels":["Hyvää Suomesta (Sininen Joutsen)"],"packagingLabelCodes":["GOODS_FROM_FINLAND_BLUE_SWAN"],"hierarchyPath":[{"id":"1591691244827924","name":"Juustoraasteet","slug":"juustot-0/ruoka-ja-herkuttelujuustot/juustoraasteet","__typename":"HierarchyPathItem"},{"id":"1591691244827915","name":"Ruoka- ja herkuttelujuustot","slug":"juustot-0/ruoka-ja-herkuttelujuustot","__typename":"HierarchyPathItem"},{"id":"Herkku_00000003","name":"Juustot","slug":"juustot-0","__typename":"HierarchyPathItem"}],"isGlobalFallback":null,"countryName":{"fi":"Suomi","__typename":"CountryName"}},{"id":"6408430342082","ean":"6408430342082","name":"Valio Oddlygood® Veggie e200 g slices gouda flavour","price":2.65,"storeId":725782447,"__typename":"Product","approxPrice":false,"basicQuantityUnit":"KPL","comparisonPrice":13.25,"comparisonUnit":"KGM","consumerPackageSize":null,"consumerPackageUnit":null,"priceUnit":"KPL","quantityMultiplier":1,"brandName":"Oddlygood","slug":"valio-oddlygoodr-veggie-e200-g-slices-gouda-flavour","isAgeLimitedByAlcohol":false,"frozen":false,"packagingLabels":[],"packagingLabelCodes":[],"hierarchyPath":[{"id":"1591691244827940","name":"Kasvipohjaiset juustoviipaleet","slug":"juustot-0/kasvipohjaiset-juustot/kasvipohjaiset-juustoviipaleet","__typename":"HierarchyPathItem"},{"id":"1591691244827917","name":"Kasvipohjaiset juustot","slug":"juustot-0/kasvipohjaiset-juustot","__typename":"HierarchyPathItem"},{"id":"Herkku_00000003","name":"Juustot","slug":"juustot-0","__typename":"HierarchyPathItem"}],"isGlobalFallback":null,"countryName":{"fi":"Suomi","__typename":"CountryName"}},{"id":"6408430342433","ean":"6408430342433","name":"Valio Kippari® e300 g sulatejuustoviipale laktoositon","price":4.65,"storeId":725782447,"__typename":"Product","approxPrice":false,"basicQuantityUnit":"KPL","comparisonPrice":15.5,"comparisonUnit":"KGM","consumerPackageSize":null,"consumerPackageUnit":null,"priceUnit":"KPL","quantityMultiplier":1,"brandName":"Valio","slug":"valio-kipparir-e300-g-sulatejuustoviipale-laktoositon","isAgeLimitedByAlcohol":false,"frozen":false,"packagingLabels":["Hyvää Suomesta (Sininen Joutsen)"],"packagingLabelCodes":["GOODS_FROM_FINLAND_BLUE_SWAN"],"hierarchyPath":[{"id":"1591691244827923","name":"Muut juustot","slug":"juustot-0/pala-ja-viipalejuustot/muut-juustot","__typename":"HierarchyPathItem"},{"id":"1591691244827914","name":"Pala- ja viipalejuustot","slug":"juustot-0/pala-ja-viipalejuustot","__typename":"HierarchyPathItem"},{"id":"Herkku_00000003","name":"Juustot","slug":"juustot-0","__typename":"HierarchyPathItem"}],"isGlobalFallback":null,"countryName":{"fi":"Suomi","__typename":"CountryName"}},{"id":"6408430342655","ean":"6408430342655","name":"Valio Hyvä suomalainen Arki® juustoviipale e140 g","price":2.29,"storeId":725782447,"__typename":"Product","approxPrice":false,"basicQuantityUnit":"KPL","comparisonPrice":16.36,"comparisonUnit":"KGM","consumerPackageSize":null,"consumerPackageUnit":null,"priceUnit":"KPL","quantityMultiplier":1,"brandName":"Arki","slug":"valio-hyva-suomalainen-arkir-juustoviipale-e140-g","isAgeLimitedByAlcohol":false,"frozen":false,"packagingLabels":["Hyvää Suomesta (Sininen Joutsen)"],"packagingLabelCodes":["GOODS_FROM_FINLAND_BLUE_SWAN"],"hierarchyPath":[{"id":"1591691244827919","name":"Edam juustot","slug":"juustot-0/pala-ja-viipalejuustot/edam-juustot","__typename":"HierarchyPathItem"},{"id":"1591691244827914","name":"Pala- ja viipalejuustot","slug":"juustot-0/pala-ja-viipalejuustot","__typename":"HierarchyPathItem"},{"id":"Herkku_00000003","name":"Juustot","slug":"juustot-0","__typename":"HierarchyPathItem"}],"isGlobalFallback":null,"countryName":{"fi":"Suomi","__typename":"CountryName"}},{"id":"6408430342730","ean":"6408430342730","name":"Valio Koskenlaskija® e250 g mustapippuri sulatejuusto laktoositon","price":3.69,"storeId":725782447,"__typename":"Product","approxPrice":false,"basicQuantityUnit":"KPL","comparisonPrice":14.76,"comparisonUnit":"KGM","consumerPackageSize":null,"consumerPackageUnit":null,"priceUnit":"KPL","quantityMultiplier":1,"brandName":"Valio","slug":"valio-koskenlaskijar-e250-g-mustapippuri-sulatejuusto-laktoositon","isAgeLimitedByAlcohol":false,"frozen":false,"packagingLabels":["Hyvää Suomesta (Sininen Joutsen)"],"packagingLabelCodes":["GOODS_FROM_FINLAND_BLUE_SWAN"],"hierarchyPath":[{"id":"1591691244827937","name":"Muut erikoisjuustot","slug":"juustot-0/ruoka-ja-herkuttelujuustot/muut-erikoisjuustot","__typename":"HierarchyPathItem"},{"id":"1591691244827915","name":"Ruoka- ja herkuttelujuustot","slug":"juustot-0/ruoka-ja-herkuttelujuustot","__typename":"HierarchyPathItem"},{"id":"Herkku_00000003","name":"Juustot","slug":"juustot-0","__typename":"HierarchyPathItem"}],"isGlobalFallback":null,"countryName":{"fi":"Suomi","__typename":"CountryName"}},{"id":"6408430342761","ean":"6408430342761","name":"Valio Oddlygood® Veggie e 150 g grated mozzarella flavour","price":2.29,"storeId":725782447,"__typename":"Product","approxPrice":false,"basicQuantityUnit":"KPL","comparisonPrice":15.27,"comparisonUnit":"KGM","consumerPackageSize":null,"consumerPackageUnit":null,"priceUnit":"KPL","quantityMultiplier":1,"brandName":"Oddlygood","slug":"valio-oddlygoodr-veggie-e-150-g-grated-mozzarella-flavour","isAgeLimitedByAlcohol":false,"frozen":false,"packagingLabels":[],"packagingLabelCodes":[],"hierarchyPath":[{"id":"1591691244827941","name":"Muut kasvipohjaiset juustot","slug":"juustot-0/kasvipohjaiset-juustot/muut-kasvipohjaiset-juustot","__typename":"HierarchyPathItem"},{"id":"1591691244827917","name":"Kasvipohjaiset juustot","slug":"juustot-0/kasvipohjaiset-juustot","__typename":"HierarchyPathItem"},{"id":"Herkku_00000003","name":"Juustot","slug":"juustot-0","__typename":"HierarchyPathItem"}],"isGlobalFallback":null,"countryName":{"fi":"Suomi","__typename":"CountryName"}},{"id":"6408430342891","ean":"6408430342891","name":"Valio Oltermanni® Monterey Jack e900 g","price":7.99,"storeId":725782447,"__typename":"Product","approxPrice":false,"basicQuantityUnit":"KPL","comparisonPrice":8.88,"comparisonUnit":"KGM","consumerPackageSize":null,"consumerPackageUnit":null,"priceUnit":"KPL","quantityMultiplier":1,"brandName":"Valio Oltermanni","slug":"valio-oltermannir-monterey-jack-e900-g","isAgeLimitedByAlcohol":false,"frozen":false,"packagingLabels":["Hyvää Suomesta (Sininen Joutsen)"],"packagingLabelCodes":["GOODS_FROM_FINLAND_BLUE_SWAN"],"hierarchyPath":[{"id":"1591691244827921","name":"Kermajuustot","slug":"juustot-0/pala-ja-viipalejuustot/kermajuustot","__typename":"HierarchyPathItem"},{"id":"1591691244827914","name":"Pala- ja viipalejuustot","slug":"juustot-0/pala-ja-viipalejuustot","__typename":"HierarchyPathItem"},{"id":"Herkku_00000003","name":"Juustot","slug":"juustot-0","__typename":"HierarchyPathItem"}],"isGlobalFallback":null,"countryName":{"fi":"Suomi","__typename":"CountryName"}},{"id":"6408430342914","ean":"6408430342914","name":"Valio Koskenlaskija® Ruoka & Dippi e250 g voimakas 14 % laktoositon","price":3.69,"storeId":725782447,"__typename":"Product","approxPrice":false,"basicQuantityUnit":"KPL","comparisonPrice":14.76,"comparisonUnit":"KGM","consumerPackageSize":null,"consumerPackageUnit":null,"priceUnit":"KPL","quantityMultiplier":1,"brandName":"Valio","slug":"valio-koskenlaskijar-ruoka-and-dippi-e250-g-voimakas-14-laktoositon","isAgeLimitedByAlcohol":false,"frozen":false,"packagingLabels":["Hyvää Suomesta (Sininen Joutsen)"],"packagingLabelCodes":["GOODS_FROM_FINLAND_BLUE_SWAN"],"hierarchyPath":[{"id":"1591691244827937","name":"Muut erikoisjuustot","slug":"juustot-0/ruoka-ja-herkuttelujuustot/muut-erikoisjuustot","__typename":"HierarchyPathItem"},{"id":"1591691244827915","name":"Ruoka- ja herkuttelujuustot","slug":"juustot-0/ruoka-ja-herkuttelujuustot","__typename":"HierarchyPathItem"},{"id":"Herkku_00000003","name":"Juustot","slug":"juustot-0","__typename":"HierarchyPathItem"}],"isGlobalFallback":null,"countryName":{"fi":"Suomi","__typename":"CountryName"}},{"id":"6408430342976","ean":"6408430342976","name":"Valio Koskenlaskija® e200 g chipotle sulatejuustoviipale laktoositon","price":3.65,"storeId":725782447,"__typename":"Product","approxPrice":false,"basicQuantityUnit":"KPL","comparisonPrice":18.25,"comparisonUnit":"KGM","consumerPackageSize":null,"consumerPackageUnit":null,"priceUnit":"KPL","quantityMultiplier":1,"brandName":"Valio","slug":"valio-koskenlaskijar-e200-g-chipotle-sulatejuustoviipale-laktoositon","isAgeLimitedByAlcohol":false,"frozen":false,"packagingLabels":["Hyvää Suomesta (Sininen Joutsen)"],"packagingLabelCodes":["GOODS_FROM_FINLAND_BLUE_SWAN"],"hierarchyPath":[{"id":"1591691244827923","name":"Muut juustot","slug":"juustot-0/pala-ja-viipalejuustot/muut-juustot","__typename":"HierarchyPathItem"},{"id":"1591691244827914","name":"Pala- ja viipalejuustot","slug":"juustot-0/pala-ja-viipalejuustot","__typename":"HierarchyPathItem"},{"id":"Herkku_00000003","name":"Juustot","slug":"juustot-0","__typename":"HierarchyPathItem"}],"isGlobalFallback":null,"countryName":{"fi":"Suomi","__typename":"CountryName"}},{"id":"6408430400003","ean":"6408430400003","name":"Valio Luonnonjogurtti+™ uuniomena 1 kg ei lisättyä sokeria, laktoositon","price":3.05,"storeId":725782447,"__typename":"Product","approxPrice":false,"basicQuantityUnit":"KPL","comparisonPrice":3.05,"comparisonUnit":"KGM","consumerPackageSize":null,"consumerPackageUnit":null,"priceUnit":"KPL","quantityMultiplier":1,"brandName":"Valio","slug":"valio-luonnonjogurttitm-uuniomena-1-kg-ei-lisattya-sokeria-laktoositon","isAgeLimitedByAlcohol":false,"frozen":false,"packagingLabels":["Hyvää Suomesta (Sininen Joutsen)"],"packagingLabelCodes":["GOODS_FROM_FINLAND_BLUE_SWAN"],"hierarchyPath":[{"id":"1591691235643803","name":"Maustetut jogurtit","slug":"maito-munat-ja-rasvat-0/jogurtit/maustetut-jogurtit","__typename":"HierarchyPathItem"},{"id":"Herkku_00000118","name":"Jogurtit","slug":"maito-munat-ja-rasvat-0/jogurtit","__typename":"HierarchyPathItem"},{"id":"Herkku_00000006","name":"Maito, munat ja rasvat","slug":"maito-munat-ja-rasvat-0","__typename":"HierarchyPathItem"}],"isGlobalFallback":null,"countryName":{"fi":"Suomi","__typename":"CountryName"}},{"id":"6408430400072","ean":"6408430400072","name":"Valio Gefilus® tehoshot 4x100 ml vadelma-vanilja laktoositon","price":3.15,"storeId":725782447,"__typename":"Product","approxPrice":false,"basicQuantityUnit":"KPL","comparisonPrice":7.87,"comparisonUnit":"LTR","consumerPackageSize":null,"consumerPackageUnit":null,"priceUnit":"KPL","quantityMultiplier":1,"brandName":"Valio","slug":"valio-gefilusr-tehoshot-4x100-ml-vadelma-vanilja-laktoositon","isAgeLimitedByAlcohol":false,"frozen":false,"packagingLabels":["Hyvää Suomesta (Sininen Joutsen)"],"packagingLabelCodes":["GOODS_FROM_FINLAND_BLUE_SWAN"],"hierarchyPath":[{"id":"Herkku_00000637","name":"Juotavat jogurtit","slug":"maito-munat-ja-rasvat-0/jogurtit/juotavat-jogurtit","__typename":"HierarchyPathItem"},{"id":"Herkku_00000118","name":"Jogurtit","slug":"maito-munat-ja-rasvat-0/jogurtit","__typename":"HierarchyPathItem"},{"id":"Herkku_00000006","name":"Maito, munat ja rasvat","slug":"maito-munat-ja-rasvat-0","__typename":"HierarchyPathItem"}],"isGlobalFallback":null,"countryName":{"fi":"Suomi","__typename":"CountryName"}},{"id":"6408430407200","ean":"6408430407200","name":"Valio PROfeel® proteiinipirtelö 2,5 dl kaakao laktoositon","price":2.15,"storeId":725782447,"__typename":"Product","approxPrice":false,"basicQuantityUnit":"KPL","comparisonPrice":8.6,"comparisonUnit":"LTR","consumerPackageSize":null,"consumerPackageUnit":null,"priceUnit":"KPL","quantityMultiplier":1,"brandName":"Profeel","slug":"valio-profeelr-proteiinipirtelo-2-5-dl-kaakao-laktoositon","isAgeLimitedByAlcohol":false,"frozen":false,"packagingLabels":["Hyvää Suomesta (Sininen Joutsen)"],"packagingLabelCodes":["GOODS_FROM_FINLAND_BLUE_SWAN"],"hierarchyPath":[{"id":"Herkku_00000637","name":"Juotavat jogurtit","slug":"maito-munat-ja-rasvat-0/jogurtit/juotavat-jogurtit","__typename":"HierarchyPathItem"},{"id":"Herkku_00000118","name":"Jogurtit","slug":"maito-munat-ja-rasvat-0/jogurtit","__typename":"HierarchyPathItem"},{"id":"Herkku_00000006","name":"Maito, munat ja rasvat","slug":"maito-munat-ja-rasvat-0","__typename":"HierarchyPathItem"}],"isGlobalFallback":null,"countryName":{"fi":"Suomi","__typename":"CountryName"}},{"id":"6408430407217","ean":"6408430407217","name":"Valio PROfeel® proteiinipirtelö 2,5 dl appelsiinikaakao laktoositon","price":2.15,"storeId":725782447,"__typename":"Product","approxPrice":false,"basicQuantityUnit":"KPL","comparisonPrice":8.6,"comparisonUnit":"LTR","consumerPackageSize":null,"consumerPackageUnit":null,"priceUnit":"KPL","quantityMultiplier":1,"brandName":"Profeel","slug":"valio-profeelr-proteiinipirtelo-2-5-dl-appelsiinikaakao-laktoositon","isAgeLimitedByAlcohol":false,"frozen":false,"packagingLabels":["Hyvää Suomesta (Sininen Joutsen)"],"packagingLabelCodes":["GOODS_FROM_FINLAND_BLUE_SWAN"],"hierarchyPath":[{"id":"Herkku_00000637","name":"Juotavat jogurtit","slug":"maito-munat-ja-rasvat-0/jogurtit/juotavat-jogurtit","__typename":"HierarchyPathItem"},{"id":"Herkku_00000118","name":"Jogurtit","slug":"maito-munat-ja-rasvat-0/jogurtit","__typename":"HierarchyPathItem"},{"id":"Herkku_00000006","name":"Maito, munat ja rasvat","slug":"maito-munat-ja-rasvat-0","__typename":"HierarchyPathItem"}],"isGlobalFallback":null,"countryName":{"fi":"Suomi","__typename":"CountryName"}},{"id":"6408430407293","ean":"6408430407293","name":"Valio Hyvä suomalainen Arki® jogurtti 1 kg vanilja","price":1.77,"storeId":725782447,"__typename":"Product","approxPrice":false,"basicQuantityUnit":"KPL","comparisonPrice":1.77,"comparisonUnit":"KGM","consumerPackageSize":null,"consumerPackageUnit":null,"priceUnit":"KPL","quantityMultiplier":1,"brandName":"Arki","slug":"valio-hyva-suomalainen-arkir-jogurtti-1-kg-vanilja","isAgeLimitedByAlcohol":false,"frozen":false,"packagingLabels":["Hyvää Suomesta (Sininen Joutsen)"],"packagingLabelCodes":["GOODS_FROM_FINLAND_BLUE_SWAN"],"hierarchyPath":[{"id":"1591691235643803","name":"Maustetut jogurtit","slug":"maito-munat-ja-rasvat-0/jogurtit/maustetut-jogurtit","__typename":"HierarchyPathItem"},{"id":"Herkku_00000118","name":"Jogurtit","slug":"maito-munat-ja-rasvat-0/jogurtit","__typename":"HierarchyPathItem"},{"id":"Herkku_00000006","name":"Maito, munat ja rasvat","slug":"maito-munat-ja-rasvat-0","__typename":"HierarchyPathItem"}],"isGlobalFallback":null,"countryName":{"fi":"Suomi","__typename":"CountryName"}},{"id":"6408430407361","ean":"6408430407361","name":"Valio PROfeel® proteiinirahka sokeroimaton 175 g mango-vanilja laktoositon","price":1.15,"storeId":725782447,"__typename":"Product","approxPrice":false,"basicQuantityUnit":"KPL","comparisonPrice":6.57,"comparisonUnit":"KGM","consumerPackageSize":null,"consumerPackageUnit":null,"priceUnit":"KPL","quantityMultiplier":1,"brandName":"Profeel","slug":"valio-profeelr-proteiinirahka-sokeroimaton-175-g-mango-vanilja-laktoositon","isAgeLimitedByAlcohol":false,"frozen":false,"packagingLabels":["Hyvää Suomesta (Sininen Joutsen)"," Sydänmerkki"],"packagingLabelCodes":["FINNISH_HEART_SYMBOL"," GOODS_FROM_FINLAND_BLUE_SWAN"],"hierarchyPath":[{"id":"1591691235703027","name":"Maustetut rahkat","slug":"maito-munat-ja-rasvat-0/rahkat-vanukkaat-ja-jalkiruoka/maustetut-rahkat","__typename":"HierarchyPathItem"},{"id":"Herkku_00000115","name":"Rahkat, vanukkaat ja jälkiruoka","slug":"maito-munat-ja-rasvat-0/rahkat-vanukkaat-ja-jalkiruoka","__typename":"HierarchyPathItem"},{"id":"Herkku_00000006","name":"Maito, munat ja rasvat","slug":"maito-munat-ja-rasvat-0","__typename":"HierarchyPathItem"}],"isGlobalFallback":null,"countryName":{"fi":"Suomi","__typename":"CountryName"}},{"id":"6408430407538","ean":"6408430407538","name":"Valio PROfeel® proteiinirahka 175 g puolukka-vanilja vähemmän hiilihydraatteja laktoositon","price":1.15,"storeId":725782447,"__typename":"Product","approxPrice":false,"basicQuantityUnit":"KPL","comparisonPrice":6.57,"comparisonUnit":"KGM","consumerPackageSize":null,"consumerPackageUnit":null,"priceUnit":"KPL","quantityMultiplier":1,"brandName":"Profeel","slug":"valio-profeelr-proteiinirahka-175-g-puolukka-vanilja-vahemman-hiilihydraatteja-laktoositon","isAgeLimitedByAlcohol":false,"frozen":false,"packagingLabels":["Hyvää Suomesta (Sininen Joutsen)"," Sydänmerkki"],"packagingLabelCodes":["FINNISH_HEART_SYMBOL"," GOODS_FROM_FINLAND_BLUE_SWAN"],"hierarchyPath":[{"id":"1591691235703027","name":"Maustetut rahkat","slug":"maito-munat-ja-rasvat-0/rahkat-vanukkaat-ja-jalkiruoka/maustetut-rahkat","__typename":"HierarchyPathItem"},{"id":"Herkku_00000115","name":"Rahkat, vanukkaat ja jälkiruoka","slug":"maito-munat-ja-rasvat-0/rahkat-vanukkaat-ja-jalkiruoka","__typename":"HierarchyPathItem"},{"id":"Herkku_00000006","name":"Maito, munat ja rasvat","slug":"maito-munat-ja-rasvat-0","__typename":"HierarchyPathItem"}],"isGlobalFallback":null,"countryName":{"fi":"Suomi","__typename":"CountryName"}},{"id":"6408430407545","ean":"6408430407545","name":"Valio A+™ kreikkalainen luonnonjogurtti 1 kg rasvaton laktoositon","price":3.69,"storeId":725782447,"__typename":"Product","approxPrice":false,"basicQuantityUnit":"KPL","comparisonPrice":3.69,"comparisonUnit":"KGM","consumerPackageSize":null,"consumerPackageUnit":null,"priceUnit":"KPL","quantityMultiplier":1,"brandName":"Valiojogurtti","slug":"valio-atm-kreikkalainen-luonnonjogurtti-1-kg-rasvaton-laktoositon","isAgeLimitedByAlcohol":false,"frozen":false,"packagingLabels":["Hyvää Suomesta (Sininen Joutsen)"," Sydänmerkki"],"packagingLabelCodes":["FINNISH_HEART_SYMBOL"," GOODS_FROM_FINLAND_BLUE_SWAN"],"hierarchyPath":[{"id":"1591691235643804","name":"Maustamattomat jogurtit","slug":"maito-munat-ja-rasvat-0/jogurtit/maustamattomat-jogurtit","__typename":"HierarchyPathItem"},{"id":"Herkku_00000118","name":"Jogurtit","slug":"maito-munat-ja-rasvat-0/jogurtit","__typename":"HierarchyPathItem"},{"id":"Herkku_00000006","name":"Maito, munat ja rasvat","slug":"maito-munat-ja-rasvat-0","__typename":"HierarchyPathItem"}],"isGlobalFallback":null,"countryName":{"fi":"Suomi","__typename":"CountryName"}},{"id":"6408430407569","ean":"6408430407569","name":"Valio PROfeel® proteiinipirtelö 2,5 dl banaanikaakao laktoositon","price":2.15,"storeId":725782447,"__typename":"Product","approxPrice":false,"basicQuantityUnit":"KPL","comparisonPrice":8.6,"comparisonUnit":"LTR","consumerPackageSize":null,"consumerPackageUnit":null,"priceUnit":"KPL","quantityMultiplier":1,"brandName":"Profeel","slug":"valio-profeelr-proteiinipirtelo-2-5-dl-banaanikaakao-laktoositon","isAgeLimitedByAlcohol":false,"frozen":false,"packagingLabels":["Hyvää Suomesta (Sininen Joutsen)"],"packagingLabelCodes":["GOODS_FROM_FINLAND_BLUE_SWAN"],"hierarchyPath":[{"id":"Herkku_00000637","name":"Juotavat jogurtit","slug":"maito-munat-ja-rasvat-0/jogurtit/juotavat-jogurtit","__typename":"HierarchyPathItem"},{"id":"Herkku_00000118","name":"Jogurtit","slug":"maito-munat-ja-rasvat-0/jogurtit","__typename":"HierarchyPathItem"},{"id":"Herkku_00000006","name":"Maito, munat ja rasvat","slug":"maito-munat-ja-rasvat-0","__typename":"HierarchyPathItem"}],"isGlobalFallback":null,"countryName":{"fi":"Suomi","__typename":"CountryName"}},{"id":"6408430407675","ean":"6408430407675","name":"Valio PROfeel® proteiinivanukas 180 g suklaa laktoositon","price":1.59,"storeId":725782447,"__typename":"Product","approxPrice":false,"basicQuantityUnit":"KPL","comparisonPrice":8.83,"comparisonUnit":"KGM","consumerPackageSize":null,"consumerPackageUnit":null,"priceUnit":"KPL","quantityMultiplier":1,"brandName":"Profeel","slug":"valio-profeelr-proteiinivanukas-180-g-suklaa-laktoositon","isAgeLimitedByAlcohol":false,"frozen":false,"packagingLabels":["Hyvää Suomesta (Sininen Joutsen)"," Sydänmerkki"],"packagingLabelCodes":["FINNISH_HEART_SYMBOL"," GOODS_FROM_FINLAND_BLUE_SWAN"],"hierarchyPath":[{"id":"Herkku_00000625","name":"Vanukkaat","slug":"maito-munat-ja-rasvat-0/rahkat-vanukkaat-ja-jalkiruoka/vanukkaat","__typename":"HierarchyPathItem"},{"id":"Herkku_00000115","name":"Rahkat, vanukkaat ja jälkiruoka","slug":"maito-munat-ja-rasvat-0/rahkat-vanukkaat-ja-jalkiruoka","__typename":"HierarchyPathItem"},{"id":"Herkku_00000006","name":"Maito, munat ja rasvat","slug":"maito-munat-ja-rasvat-0","__typename":"HierarchyPathItem"}],"isGlobalFallback":null,"countryName":{"fi":"Suomi","__typename":"CountryName"}},{"id":"6408430407682","ean":"6408430407682","name":"Valio PROfeel® proteiinivanukas 180 g kermakaramelli laktoositon","price":1.59,"storeId":725782447,"__typename":"Product","approxPrice":false,"basicQuantityUnit":"KPL","comparisonPrice":8.83,"comparisonUnit":"KGM","consumerPackageSize":null,"consumerPackageUnit":null,"priceUnit":"KPL","quantityMultiplier":1,"brandName":"Profeel","slug":"valio-profeelr-proteiinivanukas-180-g-kermakaramelli-laktoositon","isAgeLimitedByAlcohol":false,"frozen":false,"packagingLabels":["Hyvää Suomesta (Sininen Joutsen)"," Sydänmerkki"],"packagingLabelCodes":["FINNISH_HEART_SYMBOL"," GOODS_FROM_FINLAND_BLUE_SWAN"],"hierarchyPath":[{"id":"Herkku_00000625","name":"Vanukkaat","slug":"maito-munat-ja-rasvat-0/rahkat-vanukkaat-ja-jalkiruoka/vanukkaat","__typename":"HierarchyPathItem"},{"id":"Herkku_00000115","name":"Rahkat, vanukkaat ja jälkiruoka","slug":"maito-munat-ja-rasvat-0/rahkat-vanukkaat-ja-jalkiruoka","__typename":"HierarchyPathItem"},{"id":"Herkku_00000006","name":"Maito, munat ja rasvat","slug":"maito-munat-ja-rasvat-0","__typename":"HierarchyPathItem"}],"isGlobalFallback":null,"countryName":{"fi":"Suomi","__typename":"CountryName"}},{"id":"6408430407705","ean":"6408430407705","name":"Valio PROfeel® proteiinirahka 175 g kuningatar vähemmän hiilihydraatteja laktoositon","price":1.15,"storeId":725782447,"__typename":"Product","approxPrice":false,"basicQuantityUnit":"KPL","comparisonPrice":6.57,"comparisonUnit":"KGM","consumerPackageSize":null,"consumerPackageUnit":null,"priceUnit":"KPL","quantityMultiplier":1,"brandName":"Profeel","slug":"valio-profeelr-proteiinirahka-175-g-kuningatar-vahemman-hiilihydraatteja-laktoositon","isAgeLimitedByAlcohol":false,"frozen":false,"packagingLabels":["Hyvää Suomesta (Sininen Joutsen)"," Sydänmerkki"],"packagingLabelCodes":["FINNISH_HEART_SYMBOL"," GOODS_FROM_FINLAND_BLUE_SWAN"],"hierarchyPath":[{"id":"1591691235703027","name":"Maustetut rahkat","slug":"maito-munat-ja-rasvat-0/rahkat-vanukkaat-ja-jalkiruoka/maustetut-rahkat","__typename":"HierarchyPathItem"},{"id":"Herkku_00000115","name":"Rahkat, vanukkaat ja jälkiruoka","slug":"maito-munat-ja-rasvat-0/rahkat-vanukkaat-ja-jalkiruoka","__typename":"HierarchyPathItem"},{"id":"Herkku_00000006","name":"Maito, munat ja rasvat","slug":"maito-munat-ja-rasvat-0","__typename":"HierarchyPathItem"}],"isGlobalFallback":null,"countryName":{"fi":"Suomi","__typename":"CountryName"}},{"id":"6408430407880","ean":"6408430407880","name":"Valio Luonnonjogurtti+™ mango & persikka 1 kg ei lisättyä sokeria, laktoositon","price":3.05,"storeId":725782447,"__typename":"Product","approxPrice":false,"basicQuantityUnit":"KPL","comparisonPrice":3.05,"comparisonUnit":"KGM","consumerPackageSize":null,"consumerPackageUnit":null,"priceUnit":"KPL","quantityMultiplier":1,"brandName":"Valio","slug":"valio-luonnonjogurttitm-mango-and-persikka-1-kg-ei-lisattya-sokeria-laktoositon","isAgeLimitedByAlcohol":false,"frozen":false,"packagingLabels":["Hyvää Suomesta (Sininen Joutsen)"],"packagingLabelCodes":["GOODS_FROM_FINLAND_BLUE_SWAN"],"hierarchyPath":[{"id":"1591691235643803","name":"Maustetut jogurtit","slug":"maito-munat-ja-rasvat-0/jogurtit/maustetut-jogurtit","__typename":"HierarchyPathItem"},{"id":"Herkku_00000118","name":"Jogurtit","slug":"maito-munat-ja-rasvat-0/jogurtit","__typename":"HierarchyPathItem"},{"id":"Herkku_00000006","name":"Maito, munat ja rasvat","slug":"maito-munat-ja-rasvat-0","__typename":"HierarchyPathItem"}],"isGlobalFallback":null,"countryName":{"fi":"Suomi","__typename":"CountryName"}},{"id":"6408430407897","ean":"6408430407897","name":"Valio Luonnonjogurtti+™ päärynä & banaani 1 kg ei lisättyä sokeria, laktoositon","price":3.05,"storeId":725782447,"__typename":"Product","approxPrice":false,"basicQuantityUnit":"KPL","comparisonPrice":3.05,"comparisonUnit":"KGM","consumerPackageSize":null,"consumerPackageUnit":null,"priceUnit":"KPL","quantityMultiplier":1,"brandName":"Valio","slug":"valio-luonnonjogurttitm-paaryna-and-banaani-1-kg-ei-lisattya-sokeria-laktoositon","isAgeLimitedByAlcohol":false,"frozen":false,"packagingLabels":["Hyvää Suomesta (Sininen Joutsen)"],"packagingLabelCodes":["GOODS_FROM_FINLAND_BLUE_SWAN"],"hierarchyPath":[{"id":"1591691235643803","name":"Maustetut jogurtit","slug":"maito-munat-ja-rasvat-0/jogurtit/maustetut-jogurtit","__typename":"HierarchyPathItem"},{"id":"Herkku_00000118","name":"Jogurtit","slug":"maito-munat-ja-rasvat-0/jogurtit","__typename":"HierarchyPathItem"},{"id":"Herkku_00000006","name":"Maito, munat ja rasvat","slug":"maito-munat-ja-rasvat-0","__typename":"HierarchyPathItem"}],"isGlobalFallback":null,"countryName":{"fi":"Suomi","__typename":"CountryName"}},{"id":"6408430407972","ean":"6408430407972","name":"Valio kerrosviili 1 % 200 g persikka-mango laktoositon","price":0.89,"storeId":725782447,"__typename":"Product","approxPrice":false,"basicQuantityUnit":"KPL","comparisonPrice":4.45,"comparisonUnit":"KGM","consumerPackageSize":null,"consumerPackageUnit":null,"priceUnit":"KPL","quantityMultiplier":1,"brandName":"Valio","slug":"valio-kerrosviili-1-200-g-persikka-mango-laktoositon","isAgeLimitedByAlcohol":false,"frozen":false,"packagingLabels":["Hyvää Suomesta (Sininen Joutsen)"," Sydänmerkki"],"packagingLabelCodes":["FINNISH_HEART_SYMBOL"," GOODS_FROM_FINLAND_BLUE_SWAN"],"hierarchyPath":[{"id":"Herkku_00000635","name":"Maustetut viilit","slug":"maito-munat-ja-rasvat-0/viilit/maustetut-viilit","__typename":"HierarchyPathItem"},{"id":"Herkku_00000117","name":"Viilit","slug":"maito-munat-ja-rasvat-0/viilit","__typename":"HierarchyPathItem"},{"id":"Herkku_00000006","name":"Maito, munat ja rasvat","slug":"maito-munat-ja-rasvat-0","__typename":"HierarchyPathItem"}],"isGlobalFallback":null,"countryName":{"fi":"Suomi","__typename":"CountryName"}},{"id":"6408430407989","ean":"6408430407989","name":"Valio kerrosviili 1 % 200 g ruusunmarja laktoositon","price":0.89,"storeId":725782447,"__typename":"Product","approxPrice":false,"basicQuantityUnit":"KPL","comparisonPrice":4.45,"comparisonUnit":"KGM","consumerPackageSize":null,"consumerPackageUnit":null,"priceUnit":"KPL","quantityMultiplier":1,"brandName":"Valio","slug":"valio-kerrosviili-1-200-g-ruusunmarja-laktoositon","isAgeLimitedByAlcohol":false,"frozen":false,"packagingLabels":["Hyvää Suomesta (Sininen Joutsen)"," Sydänmerkki"],"packagingLabelCodes":["FINNISH_HEART_SYMBOL"," GOODS_FROM_FINLAND_BLUE_SWAN"],"hierarchyPath":[{"id":"Herkku_00000635","name":"Maustetut viilit","slug":"maito-munat-ja-rasvat-0/viilit/maustetut-viilit","__typename":"HierarchyPathItem"},{"id":"Herkku_00000117","name":"Viilit","slug":"maito-munat-ja-rasvat-0/viilit","__typename":"HierarchyPathItem"},{"id":"Herkku_00000006","name":"Maito, munat ja rasvat","slug":"maito-munat-ja-rasvat-0","__typename":"HierarchyPathItem"}],"isGlobalFallback":null,"countryName":{"fi":"Suomi","__typename":"CountryName"}},{"id":"6408430408092","ean":"6408430408092","name":"Valio Herkku mousse 100 g mansikka laktoositon","price":1.49,"storeId":725782447,"__typename":"Product","approxPrice":false,"basicQuantityUnit":"KPL","comparisonPrice":14.9,"comparisonUnit":"KGM","consumerPackageSize":null,"consumerPackageUnit":null,"priceUnit":"KPL","quantityMultiplier":1,"brandName":"Valio","slug":"valio-herkku-mousse-100-g-mansikka-laktoositon","isAgeLimitedByAlcohol":false,"frozen":false,"packagingLabels":["Hyvää Suomesta (Sininen Joutsen)"],"packagingLabelCodes":["GOODS_FROM_FINLAND_BLUE_SWAN"],"hierarchyPath":[{"id":"1591691235703027","name":"Maustetut rahkat","slug":"maito-munat-ja-rasvat-0/rahkat-vanukkaat-ja-jalkiruoka/maustetut-rahkat","__typename":"HierarchyPathItem"},{"id":"Herkku_00000115","name":"Rahkat, vanukkaat ja jälkiruoka","slug":"maito-munat-ja-rasvat-0/rahkat-vanukkaat-ja-jalkiruoka","__typename":"HierarchyPathItem"},{"id":"Herkku_00000006","name":"Maito, munat ja rasvat","slug":"maito-munat-ja-rasvat-0","__typename":"HierarchyPathItem"}],"isGlobalFallback":null,"countryName":{"fi":"Suomi","__typename":"CountryName"}},{"id":"6408430408146","ean":"6408430408146","name":"Valio PROfeel® proteiinivanukas 180 g minttusuklaa laktoositon","price":1.59,"storeId":725782447,"__typename":"Product","approxPrice":false,"basicQuantityUnit":"KPL","comparisonPrice":8.83,"comparisonUnit":"KGM","consumerPackageSize":null,"consumerPackageUnit":null,"priceUnit":"KPL","quantityMultiplier":1,"brandName":"Profeel","slug":"valio-profeelr-proteiinivanukas-180-g-minttusuklaa-laktoositon","isAgeLimitedByAlcohol":false,"frozen":false,"packagingLabels":["Hyvää Suomesta (Sininen Joutsen)"," Sydänmerkki"],"packagingLabelCodes":["FINNISH_HEART_SYMBOL"," GOODS_FROM_FINLAND_BLUE_SWAN"],"hierarchyPath":[{"id":"Herkku_00000625","name":"Vanukkaat","slug":"maito-munat-ja-rasvat-0/rahkat-vanukkaat-ja-jalkiruoka/vanukkaat","__typename":"HierarchyPathItem"},{"id":"Herkku_00000115","name":"Rahkat, vanukkaat ja jälkiruoka","slug":"maito-munat-ja-rasvat-0/rahkat-vanukkaat-ja-jalkiruoka","__typename":"HierarchyPathItem"},{"id":"Herkku_00000006","name":"Maito, munat ja rasvat","slug":"maito-munat-ja-rasvat-0","__typename":"HierarchyPathItem"}],"isGlobalFallback":null,"countryName":{"fi":"Suomi","__typename":"CountryName"}},{"id":"6408430408184","ean":"6408430408184","name":"Valio PROfeel® proteiinipirtelö 2,5 dl vadelmakaakao laktoositon","price":2.15,"storeId":725782447,"__typename":"Product","approxPrice":false,"basicQuantityUnit":"KPL","comparisonPrice":8.6,"comparisonUnit":"LTR","consumerPackageSize":null,"consumerPackageUnit":null,"priceUnit":"KPL","quantityMultiplier":1,"brandName":"Profeel","slug":"valio-profeelr-proteiinipirtelo-2-5-dl-vadelmakaakao-laktoositon","isAgeLimitedByAlcohol":false,"frozen":false,"packagingLabels":["Hyvää Suomesta (Sininen Joutsen)"],"packagingLabelCodes":["GOODS_FROM_FINLAND_BLUE_SWAN"],"hierarchyPath":[{"id":"Herkku_00000637","name":"Juotavat jogurtit","slug":"maito-munat-ja-rasvat-0/jogurtit/juotavat-jogurtit","__typename":"HierarchyPathItem"},{"id":"Herkku_00000118","name":"Jogurtit","slug":"maito-munat-ja-rasvat-0/jogurtit","__typename":"HierarchyPathItem"},{"id":"Herkku_00000006","name":"Maito, munat ja rasvat","slug":"maito-munat-ja-rasvat-0","__typename":"HierarchyPathItem"}],"isGlobalFallback":null,"countryName":{"fi":"Suomi","__typename":"CountryName"}},{"id":"6408430408214","ean":"6408430408214","name":"Valio PROfeel® proteiinivanukas 180 g suklaa-toffee laktoositon","price":1.59,"storeId":725782447,"__typename":"Product","approxPrice":false,"basicQuantityUnit":"KPL","comparisonPrice":8.83,"comparisonUnit":"KGM","consumerPackageSize":null,"consumerPackageUnit":null,"priceUnit":"KPL","quantityMultiplier":1,"brandName":"Profeel","slug":"valio-profeelr-proteiinivanukas-180-g-suklaa-toffee-laktoositon","isAgeLimitedByAlcohol":false,"frozen":false,"packagingLabels":["Hyvää Suomesta (Sininen Joutsen)"," Sydänmerkki"],"packagingLabelCodes":["FINNISH_HEART_SYMBOL"," GOODS_FROM_FINLAND_BLUE_SWAN"],"hierarchyPath":[{"id":"Herkku_00000625","name":"Vanukkaat","slug":"maito-munat-ja-rasvat-0/rahkat-vanukkaat-ja-jalkiruoka/vanukkaat","__typename":"HierarchyPathItem"},{"id":"Herkku_00000115","name":"Rahkat, vanukkaat ja jälkiruoka","slug":"maito-munat-ja-rasvat-0/rahkat-vanukkaat-ja-jalkiruoka","__typename":"HierarchyPathItem"},{"id":"Herkku_00000006","name":"Maito, munat ja rasvat","slug":"maito-munat-ja-rasvat-0","__typename":"HierarchyPathItem"}],"isGlobalFallback":null,"countryName":{"fi":"Suomi","__typename":"CountryName"}},{"id":"6408430408559","ean":"6408430408559","name":"Valio Herkku suklaamousse 100 g laktoositon","price":1.49,"storeId":725782447,"__typename":"Product","approxPrice":false,"basicQuantityUnit":"KPL","comparisonPrice":14.9,"comparisonUnit":"KGM","consumerPackageSize":null,"consumerPackageUnit":null,"priceUnit":"KPL","quantityMultiplier":1,"brandName":"Valio","slug":"valio-herkku-suklaamousse-100-g-laktoositon","isAgeLimitedByAlcohol":false,"frozen":false,"packagingLabels":["Hyvää Suomesta (Sininen Joutsen)"],"packagingLabelCodes":["GOODS_FROM_FINLAND_BLUE_SWAN"],"hierarchyPath":[{"id":"Herkku_00000649","name":"Muut välipalat ja jälkiruoat","slug":"maito-munat-ja-rasvat-0/rahkat-vanukkaat-ja-jalkiruoka/muut-valipalat-ja-jalkiruoat","__typename":"HierarchyPathItem"},{"id":"Herkku_00000115","name":"Rahkat, vanukkaat ja jälkiruoka","slug":"maito-munat-ja-rasvat-0/rahkat-vanukkaat-ja-jalkiruoka","__typename":"HierarchyPathItem"},{"id":"Herkku_00000006","name":"Maito, munat ja rasvat","slug":"maito-munat-ja-rasvat-0","__typename":"HierarchyPathItem"}],"isGlobalFallback":null,"countryName":{"fi":"Suomi","__typename":"CountryName"}},{"id":"6408430408740","ean":"6408430408740","name":"Valio kreikkalainen jogurtti 150 g passiohedelmä laktoositon","price":1.39,"storeId":725782447,"__typename":"Product","approxPrice":false,"basicQuantityUnit":"KPL","comparisonPrice":9.27,"comparisonUnit":"KGM","consumerPackageSize":null,"consumerPackageUnit":null,"priceUnit":"KPL","quantityMultiplier":1,"brandName":"Valio","slug":"valio-kreikkalainen-jogurtti-150-g-passiohedelma-laktoositon","isAgeLimitedByAlcohol":false,"frozen":false,"packagingLabels":["Hyvää Suomesta (Sininen Joutsen)"],"packagingLabelCodes":["GOODS_FROM_FINLAND_BLUE_SWAN"],"hierarchyPath":[{"id":"1591691235643803","name":"Maustetut jogurtit","slug":"maito-munat-ja-rasvat-0/jogurtit/maustetut-jogurtit","__typename":"HierarchyPathItem"},{"id":"Herkku_00000118","name":"Jogurtit","slug":"maito-munat-ja-rasvat-0/jogurtit","__typename":"HierarchyPathItem"},{"id":"Herkku_00000006","name":"Maito, munat ja rasvat","slug":"maito-munat-ja-rasvat-0","__typename":"HierarchyPathItem"}],"isGlobalFallback":null,"countryName":{"fi":"Suomi","__typename":"CountryName"}},{"id":"6408430408795","ean":"6408430408795","name":"Valio PROfeel® proteiinivanukas 185 g suklaa-nougat makeutusaineeton laktoositon","price":1.59,"storeId":725782447,"__typename":"Product","approxPrice":false,"basicQuantityUnit":"KPL","comparisonPrice":8.59,"comparisonUnit":"KGM","consumerPackageSize":null,"consumerPackageUnit":null,"priceUnit":"KPL","quantityMultiplier":1,"brandName":"Profeel","slug":"valio-profeelr-proteiinivanukas-185-g-suklaa-nougat-makeutusaineeton-laktoositon","isAgeLimitedByAlcohol":false,"frozen":false,"packagingLabels":["Hyvää Suomesta (Sininen Joutsen)"],"packagingLabelCodes":["GOODS_FROM_FINLAND_BLUE_SWAN"],"hierarchyPath":[{"id":"Herkku_00000625","name":"Vanukkaat","slug":"maito-munat-ja-rasvat-0/rahkat-vanukkaat-ja-jalkiruoka/vanukkaat","__typename":"HierarchyPathItem"},{"id":"Herkku_00000115","name":"Rahkat, vanukkaat ja jälkiruoka","slug":"maito-munat-ja-rasvat-0/rahkat-vanukkaat-ja-jalkiruoka","__typename":"HierarchyPathItem"},{"id":"Herkku_00000006","name":"Maito, munat ja rasvat","slug":"maito-munat-ja-rasvat-0","__typename":"HierarchyPathItem"}],"isGlobalFallback":null,"countryName":{"fi":"Suomi","__typename":"CountryName"}},{"id":"6408430408801","ean":"6408430408801","name":"Valio PROfeel® proteiinivanukas 185 g banoffee makeutusaineeton laktoositon","price":1.59,"storeId":725782447,"__typename":"Product","approxPrice":false,"basicQuantityUnit":"KPL","comparisonPrice":8.59,"comparisonUnit":"KGM","consumerPackageSize":null,"consumerPackageUnit":null,"priceUnit":"KPL","quantityMultiplier":1,"brandName":"Profeel","slug":"valio-profeelr-proteiinivanukas-185-g-banoffee-makeutusaineeton-laktoositon","isAgeLimitedByAlcohol":false,"frozen":false,"packagingLabels":["Hyvää Suomesta (Sininen Joutsen)"],"packagingLabelCodes":["GOODS_FROM_FINLAND_BLUE_SWAN"],"hierarchyPath":[{"id":"Herkku_00000625","name":"Vanukkaat","slug":"maito-munat-ja-rasvat-0/rahkat-vanukkaat-ja-jalkiruoka/vanukkaat","__typename":"HierarchyPathItem"},{"id":"Herkku_00000115","name":"Rahkat, vanukkaat ja jälkiruoka","slug":"maito-munat-ja-rasvat-0/rahkat-vanukkaat-ja-jalkiruoka","__typename":"HierarchyPathItem"},{"id":"Herkku_00000006","name":"Maito, munat ja rasvat","slug":"maito-munat-ja-rasvat-0","__typename":"HierarchyPathItem"}],"isGlobalFallback":null,"countryName":{"fi":"Suomi","__typename":"CountryName"}},{"id":"6408430408917","ean":"6408430408917","name":"Valio PROfeel® proteiinimousse 150 g suklaa laktoositon","price":1.59,"storeId":725782447,"__typename":"Product","approxPrice":false,"basicQuantityUnit":"KPL","comparisonPrice":10.6,"comparisonUnit":"KGM","consumerPackageSize":null,"consumerPackageUnit":null,"priceUnit":"KPL","quantityMultiplier":1,"brandName":"Valio","slug":"valio-profeelr-proteiinimousse-150-g-suklaa-laktoositon","isAgeLimitedByAlcohol":false,"frozen":false,"packagingLabels":["Hyvää Suomesta (Sininen Joutsen)"],"packagingLabelCodes":["GOODS_FROM_FINLAND_BLUE_SWAN"],"hierarchyPath":[{"id":"Herkku_00000625","name":"Vanukkaat","slug":"maito-munat-ja-rasvat-0/rahkat-vanukkaat-ja-jalkiruoka/vanukkaat","__typename":"HierarchyPathItem"},{"id":"Herkku_00000115","name":"Rahkat, vanukkaat ja jälkiruoka","slug":"maito-munat-ja-rasvat-0/rahkat-vanukkaat-ja-jalkiruoka","__typename":"HierarchyPathItem"},{"id":"Herkku_00000006","name":"Maito, munat ja rasvat","slug":"maito-munat-ja-rasvat-0","__typename":"HierarchyPathItem"}],"isGlobalFallback":null,"countryName":{"fi":"Suomi","__typename":"CountryName"}},{"id":"6408430408931","ean":"6408430408931","name":"Valio kreikkalainen jogurtti 150 g kirsikka laktoositon limited edition","price":1.39,"storeId":725782447,"__typename":"Product","approxPrice":false,"basicQuantityUnit":"KPL","comparisonPrice":9.27,"comparisonUnit":"KGM","consumerPackageSize":null,"consumerPackageUnit":null,"priceUnit":"KPL","quantityMultiplier":1,"brandName":"Valio","slug":"valio-kreikkalainen-jogurtti-150-g-kirsikka-laktoositon-limited-edition","isAgeLimitedByAlcohol":false,"frozen":false,"packagingLabels":["Hyvää Suomesta (Sininen Joutsen)"],"packagingLabelCodes":["GOODS_FROM_FINLAND_BLUE_SWAN"],"hierarchyPath":[{"id":"1591691235643803","name":"Maustetut jogurtit","slug":"maito-munat-ja-rasvat-0/jogurtit/maustetut-jogurtit","__typename":"HierarchyPathItem"},{"id":"Herkku_00000118","name":"Jogurtit","slug":"maito-munat-ja-rasvat-0/jogurtit","__typename":"HierarchyPathItem"},{"id":"Herkku_00000006","name":"Maito, munat ja rasvat","slug":"maito-munat-ja-rasvat-0","__typename":"HierarchyPathItem"}],"isGlobalFallback":null,"countryName":{"fi":"Suomi","__typename":"CountryName"}},{"id":"6408430408979","ean":"6408430408979","name":"Valio PROfeel® proteiinivanukas 185 g suklaa-mansikka makeutusaineeton laktoositon","price":1.59,"storeId":725782447,"__typename":"Product","approxPrice":false,"basicQuantityUnit":"KPL","comparisonPrice":8.59,"comparisonUnit":"KGM","consumerPackageSize":null,"consumerPackageUnit":null,"priceUnit":"KPL","quantityMultiplier":1,"brandName":"Valio","slug":"valio-profeelr-proteiinivanukas-185-g-suklaa-mansikka-makeutusaineeton-laktoositon","isAgeLimitedByAlcohol":false,"frozen":false,"packagingLabels":["Hyvää Suomesta (Sininen Joutsen)"],"packagingLabelCodes":["GOODS_FROM_FINLAND_BLUE_SWAN"],"hierarchyPath":[{"id":"Herkku_00000625","name":"Vanukkaat","slug":"maito-munat-ja-rasvat-0/rahkat-vanukkaat-ja-jalkiruoka/vanukkaat","__typename":"HierarchyPathItem"},{"id":"Herkku_00000115","name":"Rahkat, vanukkaat ja jälkiruoka","slug":"maito-munat-ja-rasvat-0/rahkat-vanukkaat-ja-jalkiruoka","__typename":"HierarchyPathItem"},{"id":"Herkku_00000006","name":"Maito, munat ja rasvat","slug":"maito-munat-ja-rasvat-0","__typename":"HierarchyPathItem"}],"isGlobalFallback":null,"countryName":{"fi":"Suomi","__typename":"CountryName"}},{"id":"6408430492268","ean":"6408430492268","name":"Valio Tuuti® 1 maitopohjainen äidinmaidonkorvike 200 ml UHT","price":0.69,"storeId":725782447,"__typename":"Product","approxPrice":false,"basicQuantityUnit":"KPL","comparisonPrice":3.45,"comparisonUnit":"LTR","consumerPackageSize":null,"consumerPackageUnit":null,"priceUnit":"KPL","quantityMultiplier":1,"brandName":"Tuuti","slug":"valio-tuutir-1-maitopohjainen-aidinmaidonkorvike-200-ml-uht","isAgeLimitedByAlcohol":false,"frozen":false,"packagingLabels":["Hyvää Suomesta (Sininen Joutsen)"],"packagingLabelCodes":["GOODS_FROM_FINLAND_BLUE_SWAN"],"hierarchyPath":[{"id":"Herkku_00000392","name":"Käyttövalmiit","slug":"lapset-1/aidinmaidon-korvikkeet/kayttovalmiit","__typename":"HierarchyPathItem"},{"id":"Herkku_00000070","name":"Äidinmaidon korvikkeet","slug":"lapset-1/aidinmaidon-korvikkeet","__typename":"HierarchyPathItem"},{"id":"Herkku_00000010","name":"Lapset","slug":"lapset-1","__typename":"HierarchyPathItem"}],"isGlobalFallback":null,"countryName":{"fi":"Suomi","__typename":"CountryName"}},{"id":"6408430492275","ean":"6408430492275","name":"Valio Tuuti® 2 maitopohjainen vieroitusvalmiste 200 ml UHT","price":0.69,"storeId":725782447,"__typename":"Product","approxPrice":false,"basicQuantityUnit":"KPL","comparisonPrice":3.45,"comparisonUnit":"LTR","consumerPackageSize":null,"consumerPackageUnit":null,"priceUnit":"KPL","quantityMultiplier":1,"brandName":"Tuuti","slug":"valio-tuutir-2-maitopohjainen-vieroitusvalmiste-200-ml-uht","isAgeLimitedByAlcohol":false,"frozen":false,"packagingLabels":["Hyvää Suomesta (Sininen Joutsen)"],"packagingLabelCodes":["GOODS_FROM_FINLAND_BLUE_SWAN"],"hierarchyPath":[{"id":"Herkku_00000392","name":"Käyttövalmiit","slug":"lapset-1/aidinmaidon-korvikkeet/kayttovalmiit","__typename":"HierarchyPathItem"},{"id":"Herkku_00000070","name":"Äidinmaidon korvikkeet","slug":"lapset-1/aidinmaidon-korvikkeet","__typename":"HierarchyPathItem"},{"id":"Herkku_00000010","name":"Lapset","slug":"lapset-1","__typename":"HierarchyPathItem"}],"isGlobalFallback":null,"countryName":{"fi":"Suomi","__typename":"CountryName"}},{"id":"6408430670109","ean":"6408430670109","name":"Valio mansikkakeitto 250 g sokeroimaton","price":1.25,"storeId":725782447,"__typename":"Product","approxPrice":false,"basicQuantityUnit":"KPL","comparisonPrice":5,"comparisonUnit":"KGM","consumerPackageSize":null,"consumerPackageUnit":null,"priceUnit":"KPL","quantityMultiplier":1,"brandName":"Valio","slug":"valio-mansikkakeitto-250-g-sokeroimaton","isAgeLimitedByAlcohol":false,"frozen":false,"packagingLabels":[],"packagingLabelCodes":[],"hierarchyPath":[{"id":"Herkku_00000460","name":"Jälkiruokakeitot","slug":"kuivatuotteet-ja-leivonta-1/jalkiruoat/jalkiruokakeitot","__typename":"HierarchyPathItem"},{"id":"Herkku_00000085","name":"Jälkiruoat","slug":"kuivatuotteet-ja-leivonta-1/jalkiruoat","__typename":"HierarchyPathItem"},{"id":"Herkku_00000007","name":"Kuivatuotteet ja leivonta","slug":"kuivatuotteet-ja-leivonta-1","__typename":"HierarchyPathItem"}],"isGlobalFallback":null,"countryName":{"fi":"Suomi","__typename":"CountryName"}},{"id":"6408430670161","ean":"6408430670161","name":"Valio Grandi® 2 dl vadelma","price":0.57,"storeId":725782447,"__typename":"Product","approxPrice":false,"basicQuantityUnit":"KPL","comparisonPrice":2.85,"comparisonUnit":"LTR","consumerPackageSize":null,"consumerPackageUnit":null,"priceUnit":"KPL","quantityMultiplier":1,"brandName":"Grandi","slug":"valio-grandir-2-dl-vadelma","isAgeLimitedByAlcohol":false,"frozen":false,"packagingLabels":[],"packagingLabelCodes":[],"hierarchyPath":[{"id":"Herkku_00000666","name":"Muut mehut","slug":"juomat-1/mehut/muut-mehut","__typename":"HierarchyPathItem"},{"id":"Herkku_00000120","name":"Mehut","slug":"juomat-1/mehut","__typename":"HierarchyPathItem"},{"id":"Herkku_00000005","name":"Juomat","slug":"juomat-1","__typename":"HierarchyPathItem"}],"isGlobalFallback":null,"countryName":{"fi":"Suomi","__typename":"CountryName"}},{"id":"6408430670178","ean":"6408430670178","name":"Valio Grandi® 2 dl appelsiini","price":0.57,"storeId":725782447,"__typename":"Product","approxPrice":false,"basicQuantityUnit":"KPL","comparisonPrice":2.85,"comparisonUnit":"LTR","consumerPackageSize":null,"consumerPackageUnit":null,"priceUnit":"KPL","quantityMultiplier":1,"brandName":"Grandi","slug":"valio-grandir-2-dl-appelsiini","isAgeLimitedByAlcohol":false,"frozen":false,"packagingLabels":[],"packagingLabelCodes":[],"hierarchyPath":[{"id":"Herkku_00000665","name":"Appelsiinimehut","slug":"juomat-1/mehut/appelsiinimehut","__typename":"HierarchyPathItem"},{"id":"Herkku_00000120","name":"Mehut","slug":"juomat-1/mehut","__typename":"HierarchyPathItem"},{"id":"Herkku_00000005","name":"Juomat","slug":"juomat-1","__typename":"HierarchyPathItem"}],"isGlobalFallback":null,"countryName":{"fi":"Suomi","__typename":"CountryName"}},{"id":"6408430670185","ean":"6408430670185","name":"Valio Grandi® 2 dl päärynä","price":0.57,"storeId":725782447,"__typename":"Product","approxPrice":false,"basicQuantityUnit":"KPL","comparisonPrice":2.85,"comparisonUnit":"LTR","consumerPackageSize":null,"consumerPackageUnit":null,"priceUnit":"KPL","quantityMultiplier":1,"brandName":"Grandi","slug":"valio-grandir-2-dl-paaryna","isAgeLimitedByAlcohol":false,"frozen":false,"packagingLabels":[],"packagingLabelCodes":[],"hierarchyPath":[{"id":"Herkku_00000658","name":"Muut hedelmämehut","slug":"juomat-1/mehut/muut-hedelmamehut","__typename":"HierarchyPathItem"},{"id":"Herkku_00000120","name":"Mehut","slug":"juomat-1/mehut","__typename":"HierarchyPathItem"},{"id":"Herkku_00000005","name":"Juomat","slug":"juomat-1","__typename":"HierarchyPathItem"}],"isGlobalFallback":null,"countryName":{"fi":"Suomi","__typename":"CountryName"}},{"id":"6408430670192","ean":"6408430670192","name":"Valio Grandi® 2 dl appelsiini-cola","price":0.57,"storeId":725782447,"__typename":"Product","approxPrice":false,"basicQuantityUnit":"KPL","comparisonPrice":2.85,"comparisonUnit":"LTR","consumerPackageSize":null,"consumerPackageUnit":null,"priceUnit":"KPL","quantityMultiplier":1,"brandName":"Grandi","slug":"valio-grandir-2-dl-appelsiini-cola","isAgeLimitedByAlcohol":false,"frozen":false,"packagingLabels":[],"packagingLabelCodes":[],"hierarchyPath":[{"id":"Herkku_00000658","name":"Muut hedelmämehut","slug":"juomat-1/mehut/muut-hedelmamehut","__typename":"HierarchyPathItem"},{"id":"Herkku_00000120","name":"Mehut","slug":"juomat-1/mehut","__typename":"HierarchyPathItem"},{"id":"Herkku_00000005","name":"Juomat","slug":"juomat-1","__typename":"HierarchyPathItem"}],"isGlobalFallback":null,"countryName":{"fi":"Suomi","__typename":"CountryName"}},{"id":"6408430840625","ean":"6408430840625","name":"Valio rasvaton maitojauhe instant 400 g","price":6.55,"storeId":725782447,"__typename":"Product","approxPrice":false,"basicQuantityUnit":"KPL","comparisonPrice":16.38,"comparisonUnit":"KGM","consumerPackageSize":null,"consumerPackageUnit":null,"priceUnit":"KPL","quantityMultiplier":1,"brandName":"Valio","slug":"valio-rasvaton-maitojauhe-instant-400-g","isAgeLimitedByAlcohol":false,"frozen":false,"packagingLabels":[],"packagingLabelCodes":[],"hierarchyPath":[{"id":"Herkku_00000701","name":"Maito, -kerma ym. jauheet","slug":"maito-munat-ja-rasvat-0/ruoanvalmistustuotteet/maito-kerma-ym.-jauheet","__typename":"HierarchyPathItem"},{"id":"Herkku_00000124","name":"Ruoanvalmistustuotteet","slug":"maito-munat-ja-rasvat-0/ruoanvalmistustuotteet","__typename":"HierarchyPathItem"},{"id":"Herkku_00000006","name":"Maito, munat ja rasvat","slug":"maito-munat-ja-rasvat-0","__typename":"HierarchyPathItem"}],"isGlobalFallback":null,"countryName":{"fi":"Suomi","__typename":"CountryName"}},{"id":"6408620004752","ean":"6408620004752","name":"Riitan Herkku Tyrni-appelsiinikeitto 2 dl","price":0.89,"storeId":725782447,"__typename":"Product","approxPrice":false,"basicQuantityUnit":"KPL","comparisonPrice":4.45,"comparisonUnit":"LTR","consumerPackageSize":null,"consumerPackageUnit":null,"priceUnit":"KPL","quantityMultiplier":1,"brandName":"Riitan Herkku","slug":"riitan-herkku-tyrni-appelsiinikeitto-2-dl","isAgeLimitedByAlcohol":false,"frozen":false,"packagingLabels":["Kierrätysmerkki"],"packagingLabelCodes":["RECYCLABLE_GENERAL_CLAIM"],"hierarchyPath":[{"id":"Herkku_00000460","name":"Jälkiruokakeitot","slug":"kuivatuotteet-ja-leivonta-1/jalkiruoat/jalkiruokakeitot","__typename":"HierarchyPathItem"},{"id":"Herkku_00000085","name":"Jälkiruoat","slug":"kuivatuotteet-ja-leivonta-1/jalkiruoat","__typename":"HierarchyPathItem"},{"id":"Herkku_00000007","name":"Kuivatuotteet ja leivonta","slug":"kuivatuotteet-ja-leivonta-1","__typename":"HierarchyPathItem"}],"isGlobalFallback":null,"countryName":{"fi":"Suomi","__typename":"CountryName"}},{"id":"6408651016823","ean":"6408651016823","name":"Juustoportti leipäjuusto 140 g","price":2.55,"storeId":725782447,"__typename":"Product","approxPrice":false,"basicQuantityUnit":"KPL","comparisonPrice":18.21,"comparisonUnit":"KGM","consumerPackageSize":null,"consumerPackageUnit":null,"priceUnit":"KPL","quantityMultiplier":1,"brandName":"Juustoportti","slug":"juustoportti-leipajuusto-140-g","isAgeLimitedByAlcohol":false,"frozen":false,"packagingLabels":["Hyvää Suomesta (Sininen Joutsen)"],"packagingLabelCodes":["GOODS_FROM_FINLAND_BLUE_SWAN"],"hierarchyPath":[{"id":"1591691244827937","name":"Muut erikoisjuustot","slug":"juustot-0/ruoka-ja-herkuttelujuustot/muut-erikoisjuustot","__typename":"HierarchyPathItem"},{"id":"1591691244827915","name":"Ruoka- ja herkuttelujuustot","slug":"juustot-0/ruoka-ja-herkuttelujuustot","__typename":"HierarchyPathItem"},{"id":"Herkku_00000003","name":"Juustot","slug":"juustot-0","__typename":"HierarchyPathItem"}],"isGlobalFallback":null,"countryName":{"fi":"Suomi","__typename":"CountryName"}},{"id":"6408652221622","ean":"6408652221622","name":"Juustoportti Vapaan lehmän AB luonnonjogurtti 1 kg laktoositon","price":2.99,"storeId":725782447,"__typename":"Product","approxPrice":false,"basicQuantityUnit":"KPL","comparisonPrice":2.99,"comparisonUnit":"KGM","consumerPackageSize":null,"consumerPackageUnit":null,"priceUnit":"KPL","quantityMultiplier":1,"brandName":"Juustoportti","slug":"juustoportti-vapaan-lehman-ab-luonnonjogurtti-1-kg-laktoositon","isAgeLimitedByAlcohol":false,"frozen":false,"packagingLabels":["Hyvää Suomesta (Sininen Joutsen)"],"packagingLabelCodes":["GOODS_FROM_FINLAND_BLUE_SWAN"],"hierarchyPath":[{"id":"1591691235643804","name":"Maustamattomat jogurtit","slug":"maito-munat-ja-rasvat-0/jogurtit/maustamattomat-jogurtit","__typename":"HierarchyPathItem"},{"id":"Herkku_00000118","name":"Jogurtit","slug":"maito-munat-ja-rasvat-0/jogurtit","__typename":"HierarchyPathItem"},{"id":"Herkku_00000006","name":"Maito, munat ja rasvat","slug":"maito-munat-ja-rasvat-0","__typename":"HierarchyPathItem"}],"isGlobalFallback":null,"countryName":{"fi":"Suomi","__typename":"CountryName"}},{"id":"6408652225064","ean":"6408652225064","name":"Juustoportti AB-jogurtti 150 g lakka","price":1.12,"storeId":725782447,"__typename":"Product","approxPrice":false,"basicQuantityUnit":"KPL","comparisonPrice":7.47,"comparisonUnit":"KGM","consumerPackageSize":null,"consumerPackageUnit":null,"priceUnit":"KPL","quantityMultiplier":1,"brandName":"Juustoportti","slug":"juustoportti-ab-jogurtti-150-g-lakka","isAgeLimitedByAlcohol":false,"frozen":false,"packagingLabels":["Hyvää Suomesta (Sininen Joutsen)"],"packagingLabelCodes":["GOODS_FROM_FINLAND_BLUE_SWAN"],"hierarchyPath":[{"id":"1591691235643803","name":"Maustetut jogurtit","slug":"maito-munat-ja-rasvat-0/jogurtit/maustetut-jogurtit","__typename":"HierarchyPathItem"},{"id":"Herkku_00000118","name":"Jogurtit","slug":"maito-munat-ja-rasvat-0/jogurtit","__typename":"HierarchyPathItem"},{"id":"Herkku_00000006","name":"Maito, munat ja rasvat","slug":"maito-munat-ja-rasvat-0","__typename":"HierarchyPathItem"}],"isGlobalFallback":null,"countryName":{"fi":"Suomi","__typename":"CountryName"}},{"id":"6408652226641","ean":"6408652226641","name":"Juustoportti Hyvin sokeroimaton jogurtti 150 g mango laktoositon","price":1.09,"storeId":725782447,"__typename":"Product","approxPrice":false,"basicQuantityUnit":"KPL","comparisonPrice":7.27,"comparisonUnit":"KGM","consumerPackageSize":null,"consumerPackageUnit":null,"priceUnit":"KPL","quantityMultiplier":1,"brandName":"Juustoportti Hyvin","slug":"juustoportti-hyvin-sokeroimaton-jogurtti-150-g-mango-laktoositon","isAgeLimitedByAlcohol":false,"frozen":false,"packagingLabels":["Hyvää Suomesta (Sininen Joutsen)"],"packagingLabelCodes":["GOODS_FROM_FINLAND_BLUE_SWAN"],"hierarchyPath":[{"id":"1591691235643803","name":"Maustetut jogurtit","slug":"maito-munat-ja-rasvat-0/jogurtit/maustetut-jogurtit","__typename":"HierarchyPathItem"},{"id":"Herkku_00000118","name":"Jogurtit","slug":"maito-munat-ja-rasvat-0/jogurtit","__typename":"HierarchyPathItem"},{"id":"Herkku_00000006","name":"Maito, munat ja rasvat","slug":"maito-munat-ja-rasvat-0","__typename":"HierarchyPathItem"}],"isGlobalFallback":null,"countryName":{"fi":"Suomi","__typename":"CountryName"}},{"id":"6408653126933","ean":"6408653126933","name":"Juustoportti Hyvin sokeroimaton ja makeutusaineeton proteiinivanukas 180 g minttu-suklaa laktoositon","price":1.62,"storeId":725782447,"__typename":"Product","approxPrice":false,"basicQuantityUnit":"KPL","comparisonPrice":9,"comparisonUnit":"KGM","consumerPackageSize":null,"consumerPackageUnit":null,"priceUnit":"KPL","quantityMultiplier":1,"brandName":"Juustoportti Hyvin","slug":"juustoportti-hyvin-sokeroimaton-ja-makeutusaineeton-proteiinivanukas-180-g-minttu-suklaa-laktoositon","isAgeLimitedByAlcohol":false,"frozen":false,"packagingLabels":["Rainforest alliance certified (Sammakko-merkki)"],"packagingLabelCodes":["RAINFOREST_ALLIANCE"],"hierarchyPath":[{"id":"Herkku_00000625","name":"Vanukkaat","slug":"maito-munat-ja-rasvat-0/rahkat-vanukkaat-ja-jalkiruoka/vanukkaat","__typename":"HierarchyPathItem"},{"id":"Herkku_00000115","name":"Rahkat, vanukkaat ja jälkiruoka","slug":"maito-munat-ja-rasvat-0/rahkat-vanukkaat-ja-jalkiruoka","__typename":"HierarchyPathItem"},{"id":"Herkku_00000006","name":"Maito, munat ja rasvat","slug":"maito-munat-ja-rasvat-0","__typename":"HierarchyPathItem"}],"isGlobalFallback":null,"countryName":{"fi":"Suomi","__typename":"CountryName"}},{"id":"6408659993089","ean":"6408659993089","name":"Juustoportti Hyvin sokeroimaton ja makeutusaineeton päärynämehu 1 l","price":2.35,"storeId":725782447,"__typename":"Product","approxPrice":false,"basicQuantityUnit":"KPL","comparisonPrice":2.35,"comparisonUnit":"LTR","consumerPackageSize":null,"consumerPackageUnit":null,"priceUnit":"KPL","quantityMultiplier":1,"brandName":"Juustoportti Hyvin","slug":"juustoportti-hyvin-sokeroimaton-ja-makeutusaineeton-paarynamehu-1-l","isAgeLimitedByAlcohol":false,"frozen":false,"packagingLabels":[],"packagingLabelCodes":[],"hierarchyPath":[{"id":"Herkku_00000658","name":"Muut hedelmämehut","slug":"juomat-1/mehut/muut-hedelmamehut","__typename":"HierarchyPathItem"},{"id":"Herkku_00000120","name":"Mehut","slug":"juomat-1/mehut","__typename":"HierarchyPathItem"},{"id":"Herkku_00000005","name":"Juomat","slug":"juomat-1","__typename":"HierarchyPathItem"}],"isGlobalFallback":null,"countryName":{"fi":"Suomi","__typename":"CountryName"}},{"id":"6408720008384","ean":"6408720008384","name":"Wigren Kotimainen meetwursti 230g","price":4.49,"storeId":725782447,"__typename":"Product","approxPrice":false,"basicQuantityUnit":"KPL","comparisonPrice":19.52,"comparisonUnit":"KGM","consumerPackageSize":null,"consumerPackageUnit":null,"priceUnit":"KPL","quantityMultiplier":1,"brandName":"Wigren","slug":"wigren-kotimainen-meetwursti-230g","isAgeLimitedByAlcohol":false,"frozen":false,"packagingLabels":["Hyvää Suomesta (Sininen Joutsen)"],"packagingLabelCodes":["GOODS_FROM_FINLAND_BLUE_SWAN"],"hierarchyPath":[{"id":"1591691245926568","name":"Meetvurstit ja salamit","slug":"liha-ja-kasviproteiinit-1/kinkut-ja-leikkeleet/meetvurstit-ja-salamit","__typename":"HierarchyPathItem"},{"id":"Herkku_00000156","name":"Kinkut ja leikkeleet","slug":"liha-ja-kasviproteiinit-1/kinkut-ja-leikkeleet","__typename":"HierarchyPathItem"},{"id":"Herkku_00000014","name":"Liha ja kasviproteiinit","slug":"liha-ja-kasviproteiinit-1","__typename":"HierarchyPathItem"}],"isGlobalFallback":null,"countryName":{"fi":"Suomi","__typename":"CountryName"}},{"id":"6408720008414","ean":"6408720008414","name":"Wigren Pippurimeetwursti 100g","price":3.29,"storeId":725782447,"__typename":"Product","approxPrice":false,"basicQuantityUnit":"KPL","comparisonPrice":32.9,"comparisonUnit":"KGM","consumerPackageSize":null,"consumerPackageUnit":null,"priceUnit":"KPL","quantityMultiplier":1,"brandName":"Wigren","slug":"wigren-pippurimeetwursti-100g","isAgeLimitedByAlcohol":false,"frozen":false,"packagingLabels":[],"packagingLabelCodes":[],"hierarchyPath":[{"id":"1591691245926568","name":"Meetvurstit ja salamit","slug":"liha-ja-kasviproteiinit-1/kinkut-ja-leikkeleet/meetvurstit-ja-salamit","__typename":"HierarchyPathItem"},{"id":"Herkku_00000156","name":"Kinkut ja leikkeleet","slug":"liha-ja-kasviproteiinit-1/kinkut-ja-leikkeleet","__typename":"HierarchyPathItem"},{"id":"Herkku_00000014","name":"Liha ja kasviproteiinit","slug":"liha-ja-kasviproteiinit-1","__typename":"HierarchyPathItem"}],"isGlobalFallback":null,"countryName":{"fi":"Suomi","__typename":"CountryName"}},{"id":"6408720008629","ean":"6408720008629","name":"Wigren Chipotlewurst Grillimakkara 260 g","price":4.25,"storeId":725782447,"__typename":"Product","approxPrice":false,"basicQuantityUnit":"KPL","comparisonPrice":17,"comparisonUnit":"KGM","consumerPackageSize":null,"consumerPackageUnit":null,"priceUnit":"KPL","quantityMultiplier":1,"brandName":"Wigren","slug":"wigren-chipotlewurst-grillimakkara-260-g","isAgeLimitedByAlcohol":false,"frozen":false,"packagingLabels":["Hyvää Suomesta (Sininen Joutsen)"],"packagingLabelCodes":["GOODS_FROM_FINLAND_BLUE_SWAN"],"hierarchyPath":[{"id":"1591691245533163","name":"Grillimakkarat","slug":"liha-ja-kasviproteiinit-1/makkarat-nakit-ja-pekonit/grillimakkarat","__typename":"HierarchyPathItem"},{"id":"1591691245533161","name":"Makkarat, nakit ja pekonit","slug":"liha-ja-kasviproteiinit-1/makkarat-nakit-ja-pekonit","__typename":"HierarchyPathItem"},{"id":"Herkku_00000014","name":"Liha ja kasviproteiinit","slug":"liha-ja-kasviproteiinit-1","__typename":"HierarchyPathItem"}],"isGlobalFallback":null,"countryName":{"fi":"Suomi","__typename":"CountryName"}},{"id":"6408720009251","ean":"6408720009251","name":"Wigren Grillinysä 300g grillimakkara","price":3.29,"storeId":725782447,"__typename":"Product","approxPrice":false,"basicQuantityUnit":"KPL","comparisonPrice":10.97,"comparisonUnit":"KGM","consumerPackageSize":null,"consumerPackageUnit":null,"priceUnit":"KPL","quantityMultiplier":1,"brandName":"Wigren","slug":"wigren-grillinysa-300g-grillimakkara","isAgeLimitedByAlcohol":false,"frozen":false,"packagingLabels":["Hyvää Suomesta (Sininen Joutsen)"],"packagingLabelCodes":["GOODS_FROM_FINLAND_BLUE_SWAN"],"hierarchyPath":[{"id":"1591691245533163","name":"Grillimakkarat","slug":"liha-ja-kasviproteiinit-1/makkarat-nakit-ja-pekonit/grillimakkarat","__typename":"HierarchyPathItem"},{"id":"1591691245533161","name":"Makkarat, nakit ja pekonit","slug":"liha-ja-kasviproteiinit-1/makkarat-nakit-ja-pekonit","__typename":"HierarchyPathItem"},{"id":"Herkku_00000014","name":"Liha ja kasviproteiinit","slug":"liha-ja-kasviproteiinit-1","__typename":"HierarchyPathItem"}],"isGlobalFallback":null,"countryName":{"fi":"Suomi","__typename":"CountryName"}},{"id":"6408720009640","ean":"6408720009640","name":"Wigren Herkku Lihapulla Perinteinen 250g","price":3.79,"storeId":725782447,"__typename":"Product","approxPrice":false,"basicQuantityUnit":"KPL","comparisonPrice":15.16,"comparisonUnit":"KGM","consumerPackageSize":null,"consumerPackageUnit":null,"priceUnit":"KPL","quantityMultiplier":1,"brandName":"Wigren","slug":"wigren-herkku-lihapulla-perinteinen-250g","isAgeLimitedByAlcohol":false,"frozen":false,"packagingLabels":["Hyvää Suomesta (Sininen Joutsen)"],"packagingLabelCodes":["GOODS_FROM_FINLAND_BLUE_SWAN"],"hierarchyPath":[{"id":"1591691237074406","name":"Pyörykät","slug":"valmisruoka-1/pyorykat-pihvit-ja-ohukaiset/pyorykat","__typename":"HierarchyPathItem"},{"id":"1591691237074393","name":"Pyörykät, pihvit ja ohukaiset","slug":"valmisruoka-1/pyorykat-pihvit-ja-ohukaiset","__typename":"HierarchyPathItem"},{"id":"StructureGroup_1356670909914497","name":"Valmisruoka","slug":"valmisruoka-1","__typename":"HierarchyPathItem"}],"isGlobalFallback":null,"countryName":{"fi":"Suomi","__typename":"CountryName"}},{"id":"6408790003395","ean":"6408790003395","name":"Hätälä Loimulohifileepala 250g","price":11.4,"storeId":725782447,"__typename":"Product","approxPrice":false,"basicQuantityUnit":"KPL","comparisonPrice":45.6,"comparisonUnit":"KGM","consumerPackageSize":null,"consumerPackageUnit":null,"priceUnit":"KPL","quantityMultiplier":1,"brandName":"Hätälä","slug":"hatala-loimulohifileepala-250g","isAgeLimitedByAlcohol":false,"frozen":false,"packagingLabels":[],"packagingLabelCodes":[],"hierarchyPath":[{"id":"Herkku_00000288","name":"Lämminsavu-/hiillostettu kala","slug":"kala-ja-merenelavat-1/kala/lamminsavu-hiillostettu-kala","__typename":"HierarchyPathItem"},{"id":"StructureGroup_198285810979","name":"Kala","slug":"kala-ja-merenelavat-1/kala","__typename":"HierarchyPathItem"},{"id":"Herkku_00000004","name":"Kala ja merenelävät","slug":"kala-ja-merenelavat-1","__typename":"HierarchyPathItem"}],"isGlobalFallback":null,"countryName":{"fi":"Suomi","__typename":"CountryName"}},{"id":"6409080000018","ean":"6409080000018","name":"Tampereen Lihajaloste Lenkkimakkara 600g","price":4.59,"storeId":725782447,"__typename":"Product","approxPrice":false,"basicQuantityUnit":"KPL","comparisonPrice":7.65,"comparisonUnit":"KGM","consumerPackageSize":null,"consumerPackageUnit":null,"priceUnit":"KPL","quantityMultiplier":1,"brandName":null,"slug":"tampereen-lihajaloste-lenkkimakkara-600g","isAgeLimitedByAlcohol":false,"frozen":false,"packagingLabels":[],"packagingLabelCodes":[],"hierarchyPath":[{"id":"1591691245533165","name":"Lenkkimakkarat","slug":"liha-ja-kasviproteiinit-1/makkarat-nakit-ja-pekonit/lenkkimakkarat","__typename":"HierarchyPathItem"},{"id":"1591691245533161","name":"Makkarat, nakit ja pekonit","slug":"liha-ja-kasviproteiinit-1/makkarat-nakit-ja-pekonit","__typename":"HierarchyPathItem"},{"id":"Herkku_00000014","name":"Liha ja kasviproteiinit","slug":"liha-ja-kasviproteiinit-1","__typename":"HierarchyPathItem"}],"isGlobalFallback":null,"countryName":{"fi":"Suomi","__typename":"CountryName"}},{"id":"6409080000049","ean":"6409080000049","name":"Tampereen Lihajaloste Nakkimakkara 460g","price":4.89,"storeId":725782447,"__typename":"Product","approxPrice":false,"basicQuantityUnit":"KPL","comparisonPrice":10.63,"comparisonUnit":"KGM","consumerPackageSize":null,"consumerPackageUnit":null,"priceUnit":"KPL","quantityMultiplier":1,"brandName":null,"slug":"tampereen-lihajaloste-nakkimakkara-460g","isAgeLimitedByAlcohol":false,"frozen":false,"packagingLabels":[],"packagingLabelCodes":[],"hierarchyPath":[{"id":"1591691245533167","name":"Nakit","slug":"liha-ja-kasviproteiinit-1/makkarat-nakit-ja-pekonit/nakit","__typename":"HierarchyPathItem"},{"id":"1591691245533161","name":"Makkarat, nakit ja pekonit","slug":"liha-ja-kasviproteiinit-1/makkarat-nakit-ja-pekonit","__typename":"HierarchyPathItem"},{"id":"Herkku_00000014","name":"Liha ja kasviproteiinit","slug":"liha-ja-kasviproteiinit-1","__typename":"HierarchyPathItem"}],"isGlobalFallback":null,"countryName":{"fi":"Suomi","__typename":"CountryName"}},{"id":"6409100020606","ean":"6409100020606","name":"Kariniemen Kananpojan sisäfilee Sweet crispy&dippi 400 g","price":7.45,"storeId":725782447,"__typename":"Product","approxPrice":false,"basicQuantityUnit":"KPL","comparisonPrice":18.63,"comparisonUnit":"KGM","consumerPackageSize":null,"consumerPackageUnit":null,"priceUnit":"KPL","quantityMultiplier":1,"brandName":"Kariniemen","slug":"kariniemen-kananpojan-sisafilee-sweet-crispyanddippi-400-g","isAgeLimitedByAlcohol":false,"frozen":false,"packagingLabels":["Hyvää Suomesta (Sininen Joutsen)"],"packagingLabelCodes":["GOODS_FROM_FINLAND_BLUE_SWAN"],"hierarchyPath":[{"id":"1591691242477860","name":"Kanan pihvit, leikkeleet ja puolivalmisteet","slug":"liha-ja-kasviproteiinit-1/kana-broileri-ja-kalkkuna/kanan-pihvit-leikkeleet-ja-puolivalmisteet","__typename":"HierarchyPathItem"},{"id":"1591691242477859","name":"Kana, broileri ja kalkkuna","slug":"liha-ja-kasviproteiinit-1/kana-broileri-ja-kalkkuna","__typename":"HierarchyPathItem"},{"id":"Herkku_00000014","name":"Liha ja kasviproteiinit","slug":"liha-ja-kasviproteiinit-1","__typename":"HierarchyPathItem"}],"isGlobalFallback":null,"countryName":{"fi":"Suomi","__typename":"CountryName"}},{"id":"6409100023706","ean":"6409100023706","name":"Kariniemen Kananpojan sisäfileepihvi 400 g","price":8.59,"storeId":725782447,"__typename":"Product","approxPrice":false,"basicQuantityUnit":"KPL","comparisonPrice":21.48,"comparisonUnit":"KGM","consumerPackageSize":null,"consumerPackageUnit":null,"priceUnit":"KPL","quantityMultiplier":1,"brandName":"Kariniemen","slug":"kariniemen-kananpojan-sisafileepihvi-400-g","isAgeLimitedByAlcohol":false,"frozen":false,"packagingLabels":["Hyvää Suomesta (Sininen Joutsen)"," Sydänmerkki"],"packagingLabelCodes":["FINNISH_HEART_SYMBOL"," GOODS_FROM_FINLAND_BLUE_SWAN"],"hierarchyPath":[{"id":"1591691242477860","name":"Kanan pihvit, leikkeleet ja puolivalmisteet","slug":"liha-ja-kasviproteiinit-1/kana-broileri-ja-kalkkuna/kanan-pihvit-leikkeleet-ja-puolivalmisteet","__typename":"HierarchyPathItem"},{"id":"1591691242477859","name":"Kana, broileri ja kalkkuna","slug":"liha-ja-kasviproteiinit-1/kana-broileri-ja-kalkkuna","__typename":"HierarchyPathItem"},{"id":"Herkku_00000014","name":"Liha ja kasviproteiinit","slug":"liha-ja-kasviproteiinit-1","__typename":"HierarchyPathItem"}],"isGlobalFallback":null,"countryName":{"fi":"Suomi","__typename":"CountryName"}},{"id":"6409100024628","ean":"6409100024628","name":"Kariniemen Kananpojan Nuggetit 200g","price":2.15,"storeId":725782447,"__typename":"Product","approxPrice":false,"basicQuantityUnit":"KPL","comparisonPrice":10.75,"comparisonUnit":"KGM","consumerPackageSize":null,"consumerPackageUnit":null,"priceUnit":"KPL","quantityMultiplier":1,"brandName":"Kariniemen","slug":"kariniemen-kananpojan-nuggetit-200g","isAgeLimitedByAlcohol":false,"frozen":false,"packagingLabels":[],"packagingLabelCodes":[],"hierarchyPath":[{"id":"1591691237074407","name":"Pihvit","slug":"valmisruoka-1/pyorykat-pihvit-ja-ohukaiset/pihvit","__typename":"HierarchyPathItem"},{"id":"1591691237074393","name":"Pyörykät, pihvit ja ohukaiset","slug":"valmisruoka-1/pyorykat-pihvit-ja-ohukaiset","__typename":"HierarchyPathItem"},{"id":"StructureGroup_1356670909914497","name":"Valmisruoka","slug":"valmisruoka-1","__typename":"HierarchyPathItem"}],"isGlobalFallback":null,"countryName":{"fi":"Suomi","__typename":"CountryName"}},{"id":"6409100034757","ean":"6409100034757","name":"HK Viljaporsaan Fileepihvi ranch 640 g","price":10.25,"storeId":725782447,"__typename":"Product","approxPrice":false,"basicQuantityUnit":"KPL","comparisonPrice":16.02,"comparisonUnit":"KGM","consumerPackageSize":null,"consumerPackageUnit":null,"priceUnit":"KPL","quantityMultiplier":1,"brandName":"HK","slug":"hk-viljaporsaan-fileepihvi-ranch-640-g","isAgeLimitedByAlcohol":false,"frozen":false,"packagingLabels":["Hyvää Suomesta (Sininen Joutsen)"," Laatuvastuu"],"packagingLabelCodes":["GOODS_FROM_FINLAND_BLUE_SWAN"," LAATUVASTUU"],"hierarchyPath":[{"id":"Herkku_00000576","name":"Porsaan pihvit ja leikkeet","slug":"liha-ja-kasviproteiinit-1/porsas/porsaan-pihvit-ja-leikkeet","__typename":"HierarchyPathItem"},{"id":"Herkku_00000108","name":"Porsas","slug":"liha-ja-kasviproteiinit-1/porsas","__typename":"HierarchyPathItem"},{"id":"Herkku_00000014","name":"Liha ja kasviproteiinit","slug":"liha-ja-kasviproteiinit-1","__typename":"HierarchyPathItem"}],"isGlobalFallback":null,"countryName":{"fi":"Suomi","__typename":"CountryName"}},{"id":"6409100043513","ean":"6409100043513","name":"HK Ohuen ohut Milanon salami 150 g","price":3.49,"storeId":725782447,"__typename":"Product","approxPrice":false,"basicQuantityUnit":"KPL","comparisonPrice":23.27,"comparisonUnit":"KGM","consumerPackageSize":null,"consumerPackageUnit":null,"priceUnit":"KPL","quantityMultiplier":1,"brandName":"HK","slug":"hk-ohuen-ohut-milanon-salami-150-g","isAgeLimitedByAlcohol":false,"frozen":false,"packagingLabels":["Hyvää Suomesta (Sininen Joutsen)"],"packagingLabelCodes":["GOODS_FROM_FINLAND_BLUE_SWAN"],"hierarchyPath":[{"id":"1591691245926568","name":"Meetvurstit ja salamit","slug":"liha-ja-kasviproteiinit-1/kinkut-ja-leikkeleet/meetvurstit-ja-salamit","__typename":"HierarchyPathItem"},{"id":"Herkku_00000156","name":"Kinkut ja leikkeleet","slug":"liha-ja-kasviproteiinit-1/kinkut-ja-leikkeleet","__typename":"HierarchyPathItem"},{"id":"Herkku_00000014","name":"Liha ja kasviproteiinit","slug":"liha-ja-kasviproteiinit-1","__typename":"HierarchyPathItem"}],"isGlobalFallback":null,"countryName":{"fi":"Suomi","__typename":"CountryName"}},{"id":"6409100046286","ean":"6409100046286","name":"HK Amerikan pekoni® 170 g","price":2.59,"storeId":725782447,"__typename":"Product","approxPrice":false,"basicQuantityUnit":"KPL","comparisonPrice":15.24,"comparisonUnit":"KGM","consumerPackageSize":null,"consumerPackageUnit":null,"priceUnit":"KPL","quantityMultiplier":1,"brandName":"HK","slug":"hk-amerikan-pekonir-170-g","isAgeLimitedByAlcohol":false,"frozen":false,"packagingLabels":[],"packagingLabelCodes":[],"hierarchyPath":[{"id":"1591691245533175","name":"Pekonit","slug":"liha-ja-kasviproteiinit-1/makkarat-nakit-ja-pekonit/pekonit","__typename":"HierarchyPathItem"},{"id":"1591691245533161","name":"Makkarat, nakit ja pekonit","slug":"liha-ja-kasviproteiinit-1/makkarat-nakit-ja-pekonit","__typename":"HierarchyPathItem"},{"id":"Herkku_00000014","name":"Liha ja kasviproteiinit","slug":"liha-ja-kasviproteiinit-1","__typename":"HierarchyPathItem"}],"isGlobalFallback":null,"countryName":{"fi":"Puola","__typename":"CountryName"}},{"id":"6409100050306","ean":"6409100050306","name":"HK Sininen Lenkki® 580 g","price":3.55,"storeId":725782447,"__typename":"Product","approxPrice":false,"basicQuantityUnit":"KPL","comparisonPrice":6.12,"comparisonUnit":"KGM","consumerPackageSize":null,"consumerPackageUnit":null,"priceUnit":"KPL","quantityMultiplier":1,"brandName":"HK","slug":"hk-sininen-lenkkir-580-g","isAgeLimitedByAlcohol":false,"frozen":false,"packagingLabels":["Hyvää Suomesta (Sininen Joutsen)"],"packagingLabelCodes":["GOODS_FROM_FINLAND_BLUE_SWAN"],"hierarchyPath":[{"id":"1591691245533165","name":"Lenkkimakkarat","slug":"liha-ja-kasviproteiinit-1/makkarat-nakit-ja-pekonit/lenkkimakkarat","__typename":"HierarchyPathItem"},{"id":"1591691245533161","name":"Makkarat, nakit ja pekonit","slug":"liha-ja-kasviproteiinit-1/makkarat-nakit-ja-pekonit","__typename":"HierarchyPathItem"},{"id":"Herkku_00000014","name":"Liha ja kasviproteiinit","slug":"liha-ja-kasviproteiinit-1","__typename":"HierarchyPathItem"}],"isGlobalFallback":null,"countryName":{"fi":"Suomi","__typename":"CountryName"}},{"id":"6409100050436","ean":"6409100050436","name":"HK Popsi® Pikkuprinssi® 300 g","price":3.99,"storeId":725782447,"__typename":"Product","approxPrice":false,"basicQuantityUnit":"KPL","comparisonPrice":13.3,"comparisonUnit":"KGM","consumerPackageSize":null,"consumerPackageUnit":null,"priceUnit":"KPL","quantityMultiplier":1,"brandName":"HK","slug":"hk-popsir-pikkuprinssir-300-g","isAgeLimitedByAlcohol":false,"frozen":false,"packagingLabels":["Hyvää Suomesta (Sininen Joutsen)"],"packagingLabelCodes":["GOODS_FROM_FINLAND_BLUE_SWAN"],"hierarchyPath":[{"id":"1591691245533167","name":"Nakit","slug":"liha-ja-kasviproteiinit-1/makkarat-nakit-ja-pekonit/nakit","__typename":"HierarchyPathItem"},{"id":"1591691245533161","name":"Makkarat, nakit ja pekonit","slug":"liha-ja-kasviproteiinit-1/makkarat-nakit-ja-pekonit","__typename":"HierarchyPathItem"},{"id":"Herkku_00000014","name":"Liha ja kasviproteiinit","slug":"liha-ja-kasviproteiinit-1","__typename":"HierarchyPathItem"}],"isGlobalFallback":null,"countryName":{"fi":"Suomi","__typename":"CountryName"}},{"id":"6409100050610","ean":"6409100050610","name":"HK Herkkumaksamakkara 150 g","price":1.95,"storeId":725782447,"__typename":"Product","approxPrice":false,"basicQuantityUnit":"KPL","comparisonPrice":13,"comparisonUnit":"KGM","consumerPackageSize":null,"consumerPackageUnit":null,"priceUnit":"KPL","quantityMultiplier":1,"brandName":"HK","slug":"hk-herkkumaksamakkara-150-g","isAgeLimitedByAlcohol":false,"frozen":false,"packagingLabels":["Hyvää Suomesta (Sininen Joutsen)"],"packagingLabelCodes":["GOODS_FROM_FINLAND_BLUE_SWAN"],"hierarchyPath":[{"id":"Herkku_00000967","name":"Tahnat, pasteijat, maksatuotteet","slug":"liha-ja-kasviproteiinit-1/kinkut-ja-leikkeleet/tahnat-pasteijat-maksatuotteet","__typename":"HierarchyPathItem"},{"id":"Herkku_00000156","name":"Kinkut ja leikkeleet","slug":"liha-ja-kasviproteiinit-1/kinkut-ja-leikkeleet","__typename":"HierarchyPathItem"},{"id":"Herkku_00000014","name":"Liha ja kasviproteiinit","slug":"liha-ja-kasviproteiinit-1","__typename":"HierarchyPathItem"}],"isGlobalFallback":null,"countryName":{"fi":"Suomi","__typename":"CountryName"}},{"id":"6409100050993","ean":"6409100050993","name":"HK Camping® grillimakkara 400 g","price":3.15,"storeId":725782447,"__typename":"Product","approxPrice":false,"basicQuantityUnit":"KPL","comparisonPrice":7.87,"comparisonUnit":"KGM","consumerPackageSize":null,"consumerPackageUnit":null,"priceUnit":"KPL","quantityMultiplier":1,"brandName":"HK","slug":"hk-campingr-grillimakkara-400-g","isAgeLimitedByAlcohol":false,"frozen":false,"packagingLabels":["Hyvää Suomesta (Sininen Joutsen)"],"packagingLabelCodes":["GOODS_FROM_FINLAND_BLUE_SWAN"],"hierarchyPath":[{"id":"1591691245533163","name":"Grillimakkarat","slug":"liha-ja-kasviproteiinit-1/makkarat-nakit-ja-pekonit/grillimakkarat","__typename":"HierarchyPathItem"},{"id":"1591691245533161","name":"Makkarat, nakit ja pekonit","slug":"liha-ja-kasviproteiinit-1/makkarat-nakit-ja-pekonit","__typename":"HierarchyPathItem"},{"id":"Herkku_00000014","name":"Liha ja kasviproteiinit","slug":"liha-ja-kasviproteiinit-1","__typename":"HierarchyPathItem"}],"isGlobalFallback":null,"countryName":{"fi":"Suomi","__typename":"CountryName"}},{"id":"6409100055530","ean":"6409100055530","name":"HK Maakarit® Katalonian Carlos 260 g","price":4.89,"storeId":725782447,"__typename":"Product","approxPrice":false,"basicQuantityUnit":"KPL","comparisonPrice":18.81,"comparisonUnit":"KGM","consumerPackageSize":null,"consumerPackageUnit":null,"priceUnit":"KPL","quantityMultiplier":1,"brandName":"HK","slug":"hk-maakaritr-katalonian-carlos-260-g","isAgeLimitedByAlcohol":false,"frozen":false,"packagingLabels":["Hyvää Suomesta (Sininen Joutsen)"," Laatuvastuu"],"packagingLabelCodes":["GOODS_FROM_FINLAND_BLUE_SWAN"," LAATUVASTUU"],"hierarchyPath":[{"id":"1591691245533163","name":"Grillimakkarat","slug":"liha-ja-kasviproteiinit-1/makkarat-nakit-ja-pekonit/grillimakkarat","__typename":"HierarchyPathItem"},{"id":"1591691245533161","name":"Makkarat, nakit ja pekonit","slug":"liha-ja-kasviproteiinit-1/makkarat-nakit-ja-pekonit","__typename":"HierarchyPathItem"},{"id":"Herkku_00000014","name":"Liha ja kasviproteiinit","slug":"liha-ja-kasviproteiinit-1","__typename":"HierarchyPathItem"}],"isGlobalFallback":null,"countryName":{"fi":"Suomi","__typename":"CountryName"}},{"id":"6409100060749","ean":"6409100060749","name":"HK Popsi® Iso Viitonen 900 g","price":3.49,"storeId":725782447,"__typename":"Product","approxPrice":false,"basicQuantityUnit":"KPL","comparisonPrice":3.88,"comparisonUnit":"KGM","consumerPackageSize":null,"consumerPackageUnit":null,"priceUnit":"KPL","quantityMultiplier":1,"brandName":"HK","slug":"hk-popsir-iso-viitonen-900-g","isAgeLimitedByAlcohol":false,"frozen":false,"packagingLabels":["Hyvää Suomesta (Sininen Joutsen)"],"packagingLabelCodes":["GOODS_FROM_FINLAND_BLUE_SWAN"],"hierarchyPath":[{"id":"1591691245533167","name":"Nakit","slug":"liha-ja-kasviproteiinit-1/makkarat-nakit-ja-pekonit/nakit","__typename":"HierarchyPathItem"},{"id":"1591691245533161","name":"Makkarat, nakit ja pekonit","slug":"liha-ja-kasviproteiinit-1/makkarat-nakit-ja-pekonit","__typename":"HierarchyPathItem"},{"id":"Herkku_00000014","name":"Liha ja kasviproteiinit","slug":"liha-ja-kasviproteiinit-1","__typename":"HierarchyPathItem"}],"isGlobalFallback":null,"countryName":{"fi":"Suomi","__typename":"CountryName"}},{"id":"6409100061463","ean":"6409100061463","name":"HK Ohuen ohut Ylikypsä saunapalvikinkku 300 g","price":4.49,"storeId":725782447,"__typename":"Product","approxPrice":false,"basicQuantityUnit":"KPL","comparisonPrice":14.97,"comparisonUnit":"KGM","consumerPackageSize":null,"consumerPackageUnit":null,"priceUnit":"KPL","quantityMultiplier":1,"brandName":"HK","slug":"hk-ohuen-ohut-ylikypsa-saunapalvikinkku-300-g","isAgeLimitedByAlcohol":false,"frozen":false,"packagingLabels":["Hyvää Suomesta (Sininen Joutsen)"," Laatuvastuu"," Sydänmerkki"],"packagingLabelCodes":["FINNISH_HEART_SYMBOL"," GOODS_FROM_FINLAND_BLUE_SWAN"," LAATUVASTUU"],"hierarchyPath":[{"id":"1591691245926570","name":"Kokolihaleikkeet","slug":"liha-ja-kasviproteiinit-1/kinkut-ja-leikkeleet/kokolihaleikkeet","__typename":"HierarchyPathItem"},{"id":"Herkku_00000156","name":"Kinkut ja leikkeleet","slug":"liha-ja-kasviproteiinit-1/kinkut-ja-leikkeleet","__typename":"HierarchyPathItem"},{"id":"Herkku_00000014","name":"Liha ja kasviproteiinit","slug":"liha-ja-kasviproteiinit-1","__typename":"HierarchyPathItem"}],"isGlobalFallback":null,"countryName":{"fi":"Suomi","__typename":"CountryName"}},{"id":"6409100061623","ean":"6409100061623","name":"Poprilli® Grillimakkara 400 g","price":1.79,"storeId":725782447,"__typename":"Product","approxPrice":false,"basicQuantityUnit":"KPL","comparisonPrice":4.47,"comparisonUnit":"KGM","consumerPackageSize":null,"consumerPackageUnit":null,"priceUnit":"KPL","quantityMultiplier":1,"brandName":"HK","slug":"poprillir-grillimakkara-400-g","isAgeLimitedByAlcohol":false,"frozen":false,"packagingLabels":["Hyvää Suomesta (Sininen Joutsen)"],"packagingLabelCodes":["GOODS_FROM_FINLAND_BLUE_SWAN"],"hierarchyPath":[{"id":"1591691245533163","name":"Grillimakkarat","slug":"liha-ja-kasviproteiinit-1/makkarat-nakit-ja-pekonit/grillimakkarat","__typename":"HierarchyPathItem"},{"id":"1591691245533161","name":"Makkarat, nakit ja pekonit","slug":"liha-ja-kasviproteiinit-1/makkarat-nakit-ja-pekonit","__typename":"HierarchyPathItem"},{"id":"Herkku_00000014","name":"Liha ja kasviproteiinit","slug":"liha-ja-kasviproteiinit-1","__typename":"HierarchyPathItem"}],"isGlobalFallback":null,"countryName":{"fi":"Suomi","__typename":"CountryName"}},{"id":"6409100070021","ean":"6409100070021","name":"HK Lihapyörykät 360 g","price":1.39,"storeId":725782447,"__typename":"Product","approxPrice":false,"basicQuantityUnit":"KPL","comparisonPrice":3.86,"comparisonUnit":"KGM","consumerPackageSize":null,"consumerPackageUnit":null,"priceUnit":"KPL","quantityMultiplier":1,"brandName":"HK","slug":"hk-lihapyorykat-360-g","isAgeLimitedByAlcohol":false,"frozen":false,"packagingLabels":[],"packagingLabelCodes":[],"hierarchyPath":[{"id":"1591691237074406","name":"Pyörykät","slug":"valmisruoka-1/pyorykat-pihvit-ja-ohukaiset/pyorykat","__typename":"HierarchyPathItem"},{"id":"1591691237074393","name":"Pyörykät, pihvit ja ohukaiset","slug":"valmisruoka-1/pyorykat-pihvit-ja-ohukaiset","__typename":"HierarchyPathItem"},{"id":"StructureGroup_1356670909914497","name":"Valmisruoka","slug":"valmisruoka-1","__typename":"HierarchyPathItem"}],"isGlobalFallback":null,"countryName":{"fi":"Suomi","__typename":"CountryName"}},{"id":"6409100070052","ean":"6409100070052","name":"HK Jauhelihapihvit 330 g","price":1.79,"storeId":725782447,"__typename":"Product","approxPrice":false,"basicQuantityUnit":"KPL","comparisonPrice":5.42,"comparisonUnit":"KGM","consumerPackageSize":null,"consumerPackageUnit":null,"priceUnit":"KPL","quantityMultiplier":1,"brandName":"HK","slug":"hk-jauhelihapihvit-330-g","isAgeLimitedByAlcohol":false,"frozen":false,"packagingLabels":[],"packagingLabelCodes":[],"hierarchyPath":[{"id":"1591691237074407","name":"Pihvit","slug":"valmisruoka-1/pyorykat-pihvit-ja-ohukaiset/pihvit","__typename":"HierarchyPathItem"},{"id":"1591691237074393","name":"Pyörykät, pihvit ja ohukaiset","slug":"valmisruoka-1/pyorykat-pihvit-ja-ohukaiset","__typename":"HierarchyPathItem"},{"id":"StructureGroup_1356670909914497","name":"Valmisruoka","slug":"valmisruoka-1","__typename":"HierarchyPathItem"}],"isGlobalFallback":null,"countryName":{"fi":"Suomi","__typename":"CountryName"}},{"id":"6409100071004","ean":"6409100071004","name":"Kariniemen paneroitu poppis 200g","price":2.15,"storeId":725782447,"__typename":"Product","approxPrice":false,"basicQuantityUnit":"KPL","comparisonPrice":10.75,"comparisonUnit":"KGM","consumerPackageSize":null,"consumerPackageUnit":null,"priceUnit":"KPL","quantityMultiplier":1,"brandName":"Kariniemen","slug":"kariniemen-paneroitu-poppis-200g","isAgeLimitedByAlcohol":false,"frozen":false,"packagingLabels":[],"packagingLabelCodes":[],"hierarchyPath":[{"id":"1591691237074407","name":"Pihvit","slug":"valmisruoka-1/pyorykat-pihvit-ja-ohukaiset/pihvit","__typename":"HierarchyPathItem"},{"id":"1591691237074393","name":"Pyörykät, pihvit ja ohukaiset","slug":"valmisruoka-1/pyorykat-pihvit-ja-ohukaiset","__typename":"HierarchyPathItem"},{"id":"StructureGroup_1356670909914497","name":"Valmisruoka","slug":"valmisruoka-1","__typename":"HierarchyPathItem"}],"isGlobalFallback":null,"countryName":{"fi":"Suomi","__typename":"CountryName"}},{"id":"6409100071257","ean":"6409100071257","name":"Via Kana-sitruunarisotto 320 g","price":4.59,"storeId":725782447,"__typename":"Product","approxPrice":false,"basicQuantityUnit":"KPL","comparisonPrice":14.34,"comparisonUnit":"KGM","consumerPackageSize":null,"consumerPackageUnit":null,"priceUnit":"KPL","quantityMultiplier":1,"brandName":"Via","slug":"via-kana-sitruunarisotto-320-g","isAgeLimitedByAlcohol":false,"frozen":false,"packagingLabels":[],"packagingLabelCodes":[],"hierarchyPath":[{"id":"1591691237218449","name":"Mikroateriat","slug":"valmisruoka-1/valmisateriat-ja-keitot/mikroateriat","__typename":"HierarchyPathItem"},{"id":"1591691237074396","name":"Valmisateriat ja -keitot","slug":"valmisruoka-1/valmisateriat-ja-keitot","__typename":"HierarchyPathItem"},{"id":"StructureGroup_1356670909914497","name":"Valmisruoka","slug":"valmisruoka-1","__typename":"HierarchyPathItem"}],"isGlobalFallback":null,"countryName":{"fi":"Suomi","__typename":"CountryName"}},{"id":"6409100071356","ean":"6409100071356","name":"Via Chicken Tikka Masala 320 g","price":4.69,"storeId":725782447,"__typename":"Product","approxPrice":false,"basicQuantityUnit":"KPL","comparisonPrice":14.66,"comparisonUnit":"KGM","consumerPackageSize":null,"consumerPackageUnit":null,"priceUnit":"KPL","quantityMultiplier":1,"brandName":"Via","slug":"via-chicken-tikka-masala-320-g","isAgeLimitedByAlcohol":false,"frozen":false,"packagingLabels":[],"packagingLabelCodes":[],"hierarchyPath":[{"id":"1591691237218449","name":"Mikroateriat","slug":"valmisruoka-1/valmisateriat-ja-keitot/mikroateriat","__typename":"HierarchyPathItem"},{"id":"1591691237074396","name":"Valmisateriat ja -keitot","slug":"valmisruoka-1/valmisateriat-ja-keitot","__typename":"HierarchyPathItem"},{"id":"StructureGroup_1356670909914497","name":"Valmisruoka","slug":"valmisruoka-1","__typename":"HierarchyPathItem"}],"isGlobalFallback":null,"countryName":{"fi":"Suomi","__typename":"CountryName"}},{"id":"6409100072315","ean":"6409100072315","name":"HK Helsingin Kauppiaiden Leipäbaari Panini Mozzarella 200g","price":3.79,"storeId":725782447,"__typename":"Product","approxPrice":false,"basicQuantityUnit":"KPL","comparisonPrice":18.95,"comparisonUnit":"KGM","consumerPackageSize":null,"consumerPackageUnit":null,"priceUnit":"KPL","quantityMultiplier":1,"brandName":"HK","slug":"hk-helsingin-kauppiaiden-leipabaari-panini-mozzarella-200g","isAgeLimitedByAlcohol":false,"frozen":false,"packagingLabels":[],"packagingLabelCodes":[],"hierarchyPath":[{"id":"1591691237218566","name":"Leivät, paninit ja wrapit","slug":"valmisruoka-1/valmisateriat-ja-keitot/leivat-paninit-ja-wrapit","__typename":"HierarchyPathItem"},{"id":"1591691237074396","name":"Valmisateriat ja -keitot","slug":"valmisruoka-1/valmisateriat-ja-keitot","__typename":"HierarchyPathItem"},{"id":"StructureGroup_1356670909914497","name":"Valmisruoka","slug":"valmisruoka-1","__typename":"HierarchyPathItem"}],"isGlobalFallback":null,"countryName":{"fi":"Suomi","__typename":"CountryName"}},{"id":"6409100073718","ean":"6409100073718","name":"HK Pyttipannu 250 g","price":2.89,"storeId":725782447,"__typename":"Product","approxPrice":false,"basicQuantityUnit":"KPL","comparisonPrice":11.56,"comparisonUnit":"KGM","consumerPackageSize":null,"consumerPackageUnit":null,"priceUnit":"KPL","quantityMultiplier":1,"brandName":"HK","slug":"hk-pyttipannu-250-g","isAgeLimitedByAlcohol":false,"frozen":false,"packagingLabels":["Hyvää Suomesta (Sininen Joutsen)"],"packagingLabelCodes":["GOODS_FROM_FINLAND_BLUE_SWAN"],"hierarchyPath":[{"id":"1591691237218449","name":"Mikroateriat","slug":"valmisruoka-1/valmisateriat-ja-keitot/mikroateriat","__typename":"HierarchyPathItem"},{"id":"1591691237074396","name":"Valmisateriat ja -keitot","slug":"valmisruoka-1/valmisateriat-ja-keitot","__typename":"HierarchyPathItem"},{"id":"StructureGroup_1356670909914497","name":"Valmisruoka","slug":"valmisruoka-1","__typename":"HierarchyPathItem"}],"isGlobalFallback":null,"countryName":{"fi":"Suomi","__typename":"CountryName"}},{"id":"6409100076122","ean":"6409100076122","name":"HK Kalapaistos 300 g","price":2.95,"storeId":725782447,"__typename":"Product","approxPrice":false,"basicQuantityUnit":"KPL","comparisonPrice":9.83,"comparisonUnit":"KGM","consumerPackageSize":null,"consumerPackageUnit":null,"priceUnit":"KPL","quantityMultiplier":1,"brandName":"HK","slug":"hk-kalapaistos-300-g","isAgeLimitedByAlcohol":false,"frozen":false,"packagingLabels":["Sydänmerkki"],"packagingLabelCodes":["FINNISH_HEART_SYMBOL"],"hierarchyPath":[{"id":"1591691237218449","name":"Mikroateriat","slug":"valmisruoka-1/valmisateriat-ja-keitot/mikroateriat","__typename":"HierarchyPathItem"},{"id":"1591691237074396","name":"Valmisateriat ja -keitot","slug":"valmisruoka-1/valmisateriat-ja-keitot","__typename":"HierarchyPathItem"},{"id":"StructureGroup_1356670909914497","name":"Valmisruoka","slug":"valmisruoka-1","__typename":"HierarchyPathItem"}],"isGlobalFallback":null,"countryName":{"fi":"Suomi","__typename":"CountryName"}},{"id":"6409100076405","ean":"6409100076405","name":"Mäkitalon Farmi Salaattiateria Kana-caesarsalaatti 210g","price":4.09,"storeId":725782447,"__typename":"Product","approxPrice":false,"basicQuantityUnit":"KPL","comparisonPrice":19.48,"comparisonUnit":"KGM","consumerPackageSize":null,"consumerPackageUnit":null,"priceUnit":"KPL","quantityMultiplier":1,"brandName":"Mäkitalon Farmi","slug":"makitalon-farmi-salaattiateria-kana-caesarsalaatti-210g","isAgeLimitedByAlcohol":false,"frozen":false,"packagingLabels":["Sydänmerkki"],"packagingLabelCodes":["FINNISH_HEART_SYMBOL"],"hierarchyPath":[{"id":"1591691237218097","name":"Salaattiateriat","slug":"valmisruoka-1/valmisateriat-ja-keitot/salaattiateriat","__typename":"HierarchyPathItem"},{"id":"1591691237074396","name":"Valmisateriat ja -keitot","slug":"valmisruoka-1/valmisateriat-ja-keitot","__typename":"HierarchyPathItem"},{"id":"StructureGroup_1356670909914497","name":"Valmisruoka","slug":"valmisruoka-1","__typename":"HierarchyPathItem"}],"isGlobalFallback":null,"countryName":{"fi":"Suomi","__typename":"CountryName"}},{"id":"6409100076467","ean":"6409100076467","name":"Mäkitalon Farmi Salaattiateria Kana-taco 235g","price":4.09,"storeId":725782447,"__typename":"Product","approxPrice":false,"basicQuantityUnit":"KPL","comparisonPrice":17.4,"comparisonUnit":"KGM","consumerPackageSize":null,"consumerPackageUnit":null,"priceUnit":"KPL","quantityMultiplier":1,"brandName":"Mäkitalon Farmi","slug":"makitalon-farmi-salaattiateria-kana-taco-235g","isAgeLimitedByAlcohol":false,"frozen":false,"packagingLabels":["Sydänmerkki"],"packagingLabelCodes":["FINNISH_HEART_SYMBOL"],"hierarchyPath":[{"id":"1591691237218097","name":"Salaattiateriat","slug":"valmisruoka-1/valmisateriat-ja-keitot/salaattiateriat","__typename":"HierarchyPathItem"},{"id":"1591691237074396","name":"Valmisateriat ja -keitot","slug":"valmisruoka-1/valmisateriat-ja-keitot","__typename":"HierarchyPathItem"},{"id":"StructureGroup_1356670909914497","name":"Valmisruoka","slug":"valmisruoka-1","__typename":"HierarchyPathItem"}],"isGlobalFallback":null,"countryName":{"fi":"Suomi","__typename":"CountryName"}},{"id":"6409100077433","ean":"6409100077433","name":"HK Muna-pekoni kolmioleipä 170 g","price":2.99,"storeId":725782447,"__typename":"Product","approxPrice":false,"basicQuantityUnit":"KPL","comparisonPrice":18.69,"comparisonUnit":"KGM","consumerPackageSize":null,"consumerPackageUnit":null,"priceUnit":"KPL","quantityMultiplier":1,"brandName":"HK","slug":"hk-muna-pekoni-kolmioleipa-170-g","isAgeLimitedByAlcohol":false,"frozen":false,"packagingLabels":[],"packagingLabelCodes":[],"hierarchyPath":[{"id":"1591691237218566","name":"Leivät, paninit ja wrapit","slug":"valmisruoka-1/valmisateriat-ja-keitot/leivat-paninit-ja-wrapit","__typename":"HierarchyPathItem"},{"id":"1591691237074396","name":"Valmisateriat ja -keitot","slug":"valmisruoka-1/valmisateriat-ja-keitot","__typename":"HierarchyPathItem"},{"id":"StructureGroup_1356670909914497","name":"Valmisruoka","slug":"valmisruoka-1","__typename":"HierarchyPathItem"}],"isGlobalFallback":null,"countryName":{"fi":"Suomi","__typename":"CountryName"}},{"id":"6409100077884","ean":"6409100077884","name":"HK Burgeri 100 g","price":0.89,"storeId":725782447,"__typename":"Product","approxPrice":false,"basicQuantityUnit":"KPL","comparisonPrice":8.9,"comparisonUnit":"KGM","consumerPackageSize":null,"consumerPackageUnit":null,"priceUnit":"KPL","quantityMultiplier":1,"brandName":"HK","slug":"hk-burgeri-100-g","isAgeLimitedByAlcohol":false,"frozen":false,"packagingLabels":[],"packagingLabelCodes":[],"hierarchyPath":[{"id":"1591691237074421","name":"Hampurilaiset ja hotdogit","slug":"valmisruoka-1/valmisateriat-ja-keitot/hampurilaiset-ja-hotdogit","__typename":"HierarchyPathItem"},{"id":"1591691237074396","name":"Valmisateriat ja -keitot","slug":"valmisruoka-1/valmisateriat-ja-keitot","__typename":"HierarchyPathItem"},{"id":"StructureGroup_1356670909914497","name":"Valmisruoka","slug":"valmisruoka-1","__typename":"HierarchyPathItem"}],"isGlobalFallback":null,"countryName":{"fi":"Suomi","__typename":"CountryName"}},{"id":"6409100078331","ean":"6409100078331","name":"HK lihis kahdella nakilla 210g","price":2.19,"storeId":725782447,"__typename":"Product","approxPrice":false,"basicQuantityUnit":"KPL","comparisonPrice":10.43,"comparisonUnit":"KGM","consumerPackageSize":null,"consumerPackageUnit":null,"priceUnit":"KPL","quantityMultiplier":1,"brandName":"HK","slug":"hk-lihis-kahdella-nakilla-210g","isAgeLimitedByAlcohol":false,"frozen":false,"packagingLabels":["Hyvää Suomesta (Sininen Joutsen)"],"packagingLabelCodes":["GOODS_FROM_FINLAND_BLUE_SWAN"],"hierarchyPath":[{"id":"1591691237074427","name":"Piirakat ja pasteijat","slug":"valmisruoka-1/valmisateriat-ja-keitot/piirakat-ja-pasteijat","__typename":"HierarchyPathItem"},{"id":"1591691237074396","name":"Valmisateriat ja -keitot","slug":"valmisruoka-1/valmisateriat-ja-keitot","__typename":"HierarchyPathItem"},{"id":"StructureGroup_1356670909914497","name":"Valmisruoka","slug":"valmisruoka-1","__typename":"HierarchyPathItem"}],"isGlobalFallback":null,"countryName":{"fi":"Suomi","__typename":"CountryName"}},{"id":"6409100078782","ean":"6409100078782","name":"HK Vihreät Kasvisburgeri 100g","price":1.49,"storeId":725782447,"__typename":"Product","approxPrice":false,"basicQuantityUnit":"KPL","comparisonPrice":14.9,"comparisonUnit":"KGM","consumerPackageSize":null,"consumerPackageUnit":null,"priceUnit":"KPL","quantityMultiplier":1,"brandName":"HK","slug":"hk-vihreat-kasvisburgeri-100g","isAgeLimitedByAlcohol":false,"frozen":false,"packagingLabels":[],"packagingLabelCodes":[],"hierarchyPath":[{"id":"1591691237074421","name":"Hampurilaiset ja hotdogit","slug":"valmisruoka-1/valmisateriat-ja-keitot/hampurilaiset-ja-hotdogit","__typename":"HierarchyPathItem"},{"id":"1591691237074396","name":"Valmisateriat ja -keitot","slug":"valmisruoka-1/valmisateriat-ja-keitot","__typename":"HierarchyPathItem"},{"id":"StructureGroup_1356670909914497","name":"Valmisruoka","slug":"valmisruoka-1","__typename":"HierarchyPathItem"}],"isGlobalFallback":null,"countryName":{"fi":"Suomi","__typename":"CountryName"}},{"id":"6409249991386","ean":"6409249991386","name":"Mattila Bros. Suomalainen Saunapalvikinkku 200g, siivutettu","price":4.45,"storeId":725782447,"__typename":"Product","approxPrice":false,"basicQuantityUnit":"KPL","comparisonPrice":22.25,"comparisonUnit":"KGM","consumerPackageSize":null,"consumerPackageUnit":null,"priceUnit":"KPL","quantityMultiplier":1,"brandName":"Mattila Bros.","slug":"mattila-bros-suomalainen-saunapalvikinkku-200g-siivutettu","isAgeLimitedByAlcohol":false,"frozen":false,"packagingLabels":[],"packagingLabelCodes":[],"hierarchyPath":[{"id":"1591691245926570","name":"Kokolihaleikkeet","slug":"liha-ja-kasviproteiinit-1/kinkut-ja-leikkeleet/kokolihaleikkeet","__typename":"HierarchyPathItem"},{"id":"Herkku_00000156","name":"Kinkut ja leikkeleet","slug":"liha-ja-kasviproteiinit-1/kinkut-ja-leikkeleet","__typename":"HierarchyPathItem"},{"id":"Herkku_00000014","name":"Liha ja kasviproteiinit","slug":"liha-ja-kasviproteiinit-1","__typename":"HierarchyPathItem"}],"isGlobalFallback":null,"countryName":{"fi":"Suomi","__typename":"CountryName"}},{"id":"6409290001591","ean":"6409290001591","name":"Wursti Korppukinkku siivutettu 200g","price":3.59,"storeId":725782447,"__typename":"Product","approxPrice":false,"basicQuantityUnit":"KPL","comparisonPrice":17.95,"comparisonUnit":"KGM","consumerPackageSize":null,"consumerPackageUnit":null,"priceUnit":"KPL","quantityMultiplier":1,"brandName":"Wursti","slug":"wursti-korppukinkku-siivutettu-200g","isAgeLimitedByAlcohol":false,"frozen":false,"packagingLabels":[],"packagingLabelCodes":[],"hierarchyPath":[{"id":"1591691245926570","name":"Kokolihaleikkeet","slug":"liha-ja-kasviproteiinit-1/kinkut-ja-leikkeleet/kokolihaleikkeet","__typename":"HierarchyPathItem"},{"id":"Herkku_00000156","name":"Kinkut ja leikkeleet","slug":"liha-ja-kasviproteiinit-1/kinkut-ja-leikkeleet","__typename":"HierarchyPathItem"},{"id":"Herkku_00000014","name":"Liha ja kasviproteiinit","slug":"liha-ja-kasviproteiinit-1","__typename":"HierarchyPathItem"}],"isGlobalFallback":null,"countryName":{"fi":"Suomi","__typename":"CountryName"}},{"id":"6409290002437","ean":"6409290002437","name":"Wursti Siskonmakkara 500g","price":4.95,"storeId":725782447,"__typename":"Product","approxPrice":false,"basicQuantityUnit":"KPL","comparisonPrice":9.9,"comparisonUnit":"KGM","consumerPackageSize":null,"consumerPackageUnit":null,"priceUnit":"KPL","quantityMultiplier":1,"brandName":"Wursti","slug":"wursti-siskonmakkara-500g","isAgeLimitedByAlcohol":false,"frozen":false,"packagingLabels":["Avainlippu"," Kierrätysmerkki"],"packagingLabelCodes":["MADE_IN_FINLAND_FLAG_WITH_KEY"," RECYCLABLE_GENERAL_CLAIM"],"hierarchyPath":[{"id":"1591691245533166","name":"Muut makkarat","slug":"liha-ja-kasviproteiinit-1/makkarat-nakit-ja-pekonit/muut-makkarat","__typename":"HierarchyPathItem"},{"id":"1591691245533161","name":"Makkarat, nakit ja pekonit","slug":"liha-ja-kasviproteiinit-1/makkarat-nakit-ja-pekonit","__typename":"HierarchyPathItem"},{"id":"Herkku_00000014","name":"Liha ja kasviproteiinit","slug":"liha-ja-kasviproteiinit-1","__typename":"HierarchyPathItem"}],"isGlobalFallback":null,"countryName":{"fi":"Suomi","__typename":"CountryName"}},{"id":"6409400016552","ean":"6409400016552","name":"Pouttu Savusuikale 200 g","price":1.79,"storeId":725782447,"__typename":"Product","approxPrice":false,"basicQuantityUnit":"KPL","comparisonPrice":8.95,"comparisonUnit":"KGM","consumerPackageSize":null,"consumerPackageUnit":null,"priceUnit":"KPL","quantityMultiplier":1,"brandName":"Pouttu","slug":"pouttu-savusuikale-200-g","isAgeLimitedByAlcohol":false,"frozen":false,"packagingLabels":[],"packagingLabelCodes":[],"hierarchyPath":[{"id":"1591691245926574","name":"Kinkkusuikaleet ja lihapalat","slug":"liha-ja-kasviproteiinit-1/kinkut-ja-leikkeleet/kinkkusuikaleet-ja-lihapalat","__typename":"HierarchyPathItem"},{"id":"Herkku_00000156","name":"Kinkut ja leikkeleet","slug":"liha-ja-kasviproteiinit-1/kinkut-ja-leikkeleet","__typename":"HierarchyPathItem"},{"id":"Herkku_00000014","name":"Liha ja kasviproteiinit","slug":"liha-ja-kasviproteiinit-1","__typename":"HierarchyPathItem"}],"isGlobalFallback":null,"countryName":{"fi":"Suomi","__typename":"CountryName"}},{"id":"6409460002724","ean":"6409460002724","name":"Forssan Perunasalaatti 400g","price":2.59,"storeId":725782447,"__typename":"Product","approxPrice":false,"basicQuantityUnit":"KPL","comparisonPrice":6.48,"comparisonUnit":"KGM","consumerPackageSize":null,"consumerPackageUnit":null,"priceUnit":"KPL","quantityMultiplier":1,"brandName":"Forssan","slug":"forssan-perunasalaatti-400g","isAgeLimitedByAlcohol":false,"frozen":false,"packagingLabels":["Hyvää Suomesta (Sininen Joutsen)"],"packagingLabelCodes":["GOODS_FROM_FINLAND_BLUE_SWAN"],"hierarchyPath":[{"id":"1591691237218603","name":"Lisäkesalaatit ja tuorepasta","slug":"valmisruoka-1/lisakesalaatit-ja-tuorepasta","__typename":"HierarchyPathItem"},{"id":"StructureGroup_1356670909914497","name":"Valmisruoka","slug":"valmisruoka-1","__typename":"HierarchyPathItem"}],"isGlobalFallback":null,"countryName":{"fi":"Suomi","__typename":"CountryName"}},{"id":"6409460002779","ean":"6409460002779","name":"Forssan Punajuurisalaatti 400g","price":2.65,"storeId":725782447,"__typename":"Product","approxPrice":false,"basicQuantityUnit":"KPL","comparisonPrice":6.62,"comparisonUnit":"KGM","consumerPackageSize":null,"consumerPackageUnit":null,"priceUnit":"KPL","quantityMultiplier":1,"brandName":"Forssan","slug":"forssan-punajuurisalaatti-400g","isAgeLimitedByAlcohol":false,"frozen":false,"packagingLabels":[],"packagingLabelCodes":[],"hierarchyPath":[{"id":"1591691237218603","name":"Lisäkesalaatit ja tuorepasta","slug":"valmisruoka-1/lisakesalaatit-ja-tuorepasta","__typename":"HierarchyPathItem"},{"id":"StructureGroup_1356670909914497","name":"Valmisruoka","slug":"valmisruoka-1","__typename":"HierarchyPathItem"}],"isGlobalFallback":null,"countryName":{"fi":"Suomi","__typename":"CountryName"}},{"id":"6409460003332","ean":"6409460003332","name":"Forssan Lounassalaatti 400g","price":3.79,"storeId":725782447,"__typename":"Product","approxPrice":false,"basicQuantityUnit":"KPL","comparisonPrice":9.48,"comparisonUnit":"KGM","consumerPackageSize":null,"consumerPackageUnit":null,"priceUnit":"KPL","quantityMultiplier":1,"brandName":"Forssan","slug":"forssan-lounassalaatti-400g","isAgeLimitedByAlcohol":false,"frozen":false,"packagingLabels":[],"packagingLabelCodes":[],"hierarchyPath":[{"id":"1591691237218603","name":"Lisäkesalaatit ja tuorepasta","slug":"valmisruoka-1/lisakesalaatit-ja-tuorepasta","__typename":"HierarchyPathItem"},{"id":"StructureGroup_1356670909914497","name":"Valmisruoka","slug":"valmisruoka-1","__typename":"HierarchyPathItem"}],"isGlobalFallback":null,"countryName":{"fi":"Suomi","__typename":"CountryName"}},{"id":"6409490000165","ean":"6409490000165","name":"Tapola Savulenkki 550g","price":3.65,"storeId":725782447,"__typename":"Product","approxPrice":false,"basicQuantityUnit":"KPL","comparisonPrice":6.64,"comparisonUnit":"KGM","consumerPackageSize":null,"consumerPackageUnit":null,"priceUnit":"KPL","quantityMultiplier":1,"brandName":"Tapola","slug":"tapola-savulenkki-550g","isAgeLimitedByAlcohol":false,"frozen":false,"packagingLabels":["Avainlippu"],"packagingLabelCodes":["MADE_IN_FINLAND_FLAG_WITH_KEY"],"hierarchyPath":[{"id":"1591691245533165","name":"Lenkkimakkarat","slug":"liha-ja-kasviproteiinit-1/makkarat-nakit-ja-pekonit/lenkkimakkarat","__typename":"HierarchyPathItem"},{"id":"1591691245533161","name":"Makkarat, nakit ja pekonit","slug":"liha-ja-kasviproteiinit-1/makkarat-nakit-ja-pekonit","__typename":"HierarchyPathItem"},{"id":"Herkku_00000014","name":"Liha ja kasviproteiinit","slug":"liha-ja-kasviproteiinit-1","__typename":"HierarchyPathItem"}],"isGlobalFallback":null,"countryName":{"fi":"Suomi","__typename":"CountryName"}},{"id":"6409490000370","ean":"6409490000370","name":"Tapola Iskelmä grillimakkara 400 g","price":3.19,"storeId":725782447,"__typename":"Product","approxPrice":false,"basicQuantityUnit":"KPL","comparisonPrice":7.98,"comparisonUnit":"KGM","consumerPackageSize":null,"consumerPackageUnit":null,"priceUnit":"KPL","quantityMultiplier":1,"brandName":"Tapola","slug":"tapola-iskelma-grillimakkara-400-g","isAgeLimitedByAlcohol":false,"frozen":false,"packagingLabels":[],"packagingLabelCodes":[],"hierarchyPath":[{"id":"1591691245533163","name":"Grillimakkarat","slug":"liha-ja-kasviproteiinit-1/makkarat-nakit-ja-pekonit/grillimakkarat","__typename":"HierarchyPathItem"},{"id":"1591691245533161","name":"Makkarat, nakit ja pekonit","slug":"liha-ja-kasviproteiinit-1/makkarat-nakit-ja-pekonit","__typename":"HierarchyPathItem"},{"id":"Herkku_00000014","name":"Liha ja kasviproteiinit","slug":"liha-ja-kasviproteiinit-1","__typename":"HierarchyPathItem"}],"isGlobalFallback":null,"countryName":{"fi":"Suomi","__typename":"CountryName"}},{"id":"6409490000455","ean":"6409490000455","name":"Papu Chili-seitan suikale 200g","price":3.39,"storeId":725782447,"__typename":"Product","approxPrice":false,"basicQuantityUnit":"KPL","comparisonPrice":16.95,"comparisonUnit":"KGM","consumerPackageSize":null,"consumerPackageUnit":null,"priceUnit":"KPL","quantityMultiplier":1,"brandName":"Savupojat","slug":"papu-chili-seitan-suikale-200g","isAgeLimitedByAlcohol":false,"frozen":false,"packagingLabels":[],"packagingLabelCodes":[],"hierarchyPath":[{"id":"1591691245926574","name":"Kinkkusuikaleet ja lihapalat","slug":"liha-ja-kasviproteiinit-1/kinkut-ja-leikkeleet/kinkkusuikaleet-ja-lihapalat","__typename":"HierarchyPathItem"},{"id":"Herkku_00000156","name":"Kinkut ja leikkeleet","slug":"liha-ja-kasviproteiinit-1/kinkut-ja-leikkeleet","__typename":"HierarchyPathItem"},{"id":"Herkku_00000014","name":"Liha ja kasviproteiinit","slug":"liha-ja-kasviproteiinit-1","__typename":"HierarchyPathItem"}],"isGlobalFallback":null,"countryName":{"fi":"Suomi","__typename":"CountryName"}},{"id":"6409490000608","ean":"6409490000608","name":"Papu Chili-seitanleikkele 130g","price":2.85,"storeId":725782447,"__typename":"Product","approxPrice":false,"basicQuantityUnit":"KPL","comparisonPrice":21.92,"comparisonUnit":"KGM","consumerPackageSize":null,"consumerPackageUnit":null,"priceUnit":"KPL","quantityMultiplier":1,"brandName":"Papu","slug":"papu-chili-seitanleikkele-130g","isAgeLimitedByAlcohol":false,"frozen":false,"packagingLabels":["Avainlippu"],"packagingLabelCodes":["MADE_IN_FINLAND_FLAG_WITH_KEY"],"hierarchyPath":[{"id":"1591691245926572","name":"Kasvipohjaiset leikkeleet","slug":"liha-ja-kasviproteiinit-1/kinkut-ja-leikkeleet/kasvipohjaiset-leikkeleet","__typename":"HierarchyPathItem"},{"id":"Herkku_00000156","name":"Kinkut ja leikkeleet","slug":"liha-ja-kasviproteiinit-1/kinkut-ja-leikkeleet","__typename":"HierarchyPathItem"},{"id":"Herkku_00000014","name":"Liha ja kasviproteiinit","slug":"liha-ja-kasviproteiinit-1","__typename":"HierarchyPathItem"}],"isGlobalFallback":null,"countryName":{"fi":"Suomi","__typename":"CountryName"}},{"id":"6409490000752","ean":"6409490000752","name":"Tapola Kuivalihasnack  70 g","price":3.99,"storeId":725782447,"__typename":"Product","approxPrice":false,"basicQuantityUnit":"KPL","comparisonPrice":57,"comparisonUnit":"KGM","consumerPackageSize":null,"consumerPackageUnit":null,"priceUnit":"KPL","quantityMultiplier":1,"brandName":"Tapola","slug":"tapola-kuivalihasnack-70-g","isAgeLimitedByAlcohol":false,"frozen":false,"packagingLabels":[],"packagingLabelCodes":[],"hierarchyPath":[{"id":"Herkku_00000350","name":"Muut snacksit","slug":"makeiset-ja-naposteltavat-1/sipsit-ja-muut-naposteltavat/muut-snacksit","__typename":"HierarchyPathItem"},{"id":"Herkku_00000062","name":"Sipsit ja muut naposteltavat","slug":"makeiset-ja-naposteltavat-1/sipsit-ja-muut-naposteltavat","__typename":"HierarchyPathItem"},{"id":"Herkku_00000009","name":"Makeiset ja naposteltavat","slug":"makeiset-ja-naposteltavat-1","__typename":"HierarchyPathItem"}],"isGlobalFallback":null,"countryName":{"fi":"Suomi","__typename":"CountryName"}},{"id":"6409490000783","ean":"6409490000783","name":"Papu Seitanleikkele 130g","price":2.85,"storeId":725782447,"__typename":"Product","approxPrice":false,"basicQuantityUnit":"KPL","comparisonPrice":21.92,"comparisonUnit":"KGM","consumerPackageSize":null,"consumerPackageUnit":null,"priceUnit":"KPL","quantityMultiplier":1,"brandName":"Papu","slug":"papu-seitanleikkele-130g","isAgeLimitedByAlcohol":false,"frozen":false,"packagingLabels":["Avainlippu"],"packagingLabelCodes":["MADE_IN_FINLAND_FLAG_WITH_KEY"],"hierarchyPath":[{"id":"1591691245926572","name":"Kasvipohjaiset leikkeleet","slug":"liha-ja-kasviproteiinit-1/kinkut-ja-leikkeleet/kasvipohjaiset-leikkeleet","__typename":"HierarchyPathItem"},{"id":"Herkku_00000156","name":"Kinkut ja leikkeleet","slug":"liha-ja-kasviproteiinit-1/kinkut-ja-leikkeleet","__typename":"HierarchyPathItem"},{"id":"Herkku_00000014","name":"Liha ja kasviproteiinit","slug":"liha-ja-kasviproteiinit-1","__typename":"HierarchyPathItem"}],"isGlobalFallback":null,"countryName":{"fi":"Suomi","__typename":"CountryName"}},{"id":"6409490000875","ean":"6409490000875","name":"Papu Seitanvekoni 130g","price":3.19,"storeId":725782447,"__typename":"Product","approxPrice":false,"basicQuantityUnit":"KPL","comparisonPrice":24.54,"comparisonUnit":"KGM","consumerPackageSize":null,"consumerPackageUnit":null,"priceUnit":"KPL","quantityMultiplier":1,"brandName":"Tapola","slug":"papu-seitanvekoni-130g","isAgeLimitedByAlcohol":false,"frozen":false,"packagingLabels":[],"packagingLabelCodes":[],"hierarchyPath":[{"id":"1591691245926572","name":"Kasvipohjaiset leikkeleet","slug":"liha-ja-kasviproteiinit-1/kinkut-ja-leikkeleet/kasvipohjaiset-leikkeleet","__typename":"HierarchyPathItem"},{"id":"Herkku_00000156","name":"Kinkut ja leikkeleet","slug":"liha-ja-kasviproteiinit-1/kinkut-ja-leikkeleet","__typename":"HierarchyPathItem"},{"id":"Herkku_00000014","name":"Liha ja kasviproteiinit","slug":"liha-ja-kasviproteiinit-1","__typename":"HierarchyPathItem"}],"isGlobalFallback":null,"countryName":{"fi":"Suomi","__typename":"CountryName"}},{"id":"6409490000943","ean":"6409490000943","name":"Tapola Tulikeppi 280 g","price":3.29,"storeId":725782447,"__typename":"Product","approxPrice":false,"basicQuantityUnit":"KPL","comparisonPrice":11.75,"comparisonUnit":"KGM","consumerPackageSize":null,"consumerPackageUnit":null,"priceUnit":"KPL","quantityMultiplier":1,"brandName":"Tapola","slug":"tapola-tulikeppi-280-g","isAgeLimitedByAlcohol":false,"frozen":false,"packagingLabels":[],"packagingLabelCodes":[],"hierarchyPath":[{"id":"1591691245533163","name":"Grillimakkarat","slug":"liha-ja-kasviproteiinit-1/makkarat-nakit-ja-pekonit/grillimakkarat","__typename":"HierarchyPathItem"},{"id":"1591691245533161","name":"Makkarat, nakit ja pekonit","slug":"liha-ja-kasviproteiinit-1/makkarat-nakit-ja-pekonit","__typename":"HierarchyPathItem"},{"id":"Herkku_00000014","name":"Liha ja kasviproteiinit","slug":"liha-ja-kasviproteiinit-1","__typename":"HierarchyPathItem"}],"isGlobalFallback":null,"countryName":{"fi":"Suomi","__typename":"CountryName"}},{"id":"6409490000967","ean":"6409490000967","name":"Tapola Aurella 280 g","price":3.2,"storeId":725782447,"__typename":"Product","approxPrice":false,"basicQuantityUnit":"KPL","comparisonPrice":11.43,"comparisonUnit":"KGM","consumerPackageSize":null,"consumerPackageUnit":null,"priceUnit":"KPL","quantityMultiplier":1,"brandName":"Tapola","slug":"tapola-aurella-280-g","isAgeLimitedByAlcohol":false,"frozen":false,"packagingLabels":[],"packagingLabelCodes":[],"hierarchyPath":[{"id":"1591691245533163","name":"Grillimakkarat","slug":"liha-ja-kasviproteiinit-1/makkarat-nakit-ja-pekonit/grillimakkarat","__typename":"HierarchyPathItem"},{"id":"1591691245533161","name":"Makkarat, nakit ja pekonit","slug":"liha-ja-kasviproteiinit-1/makkarat-nakit-ja-pekonit","__typename":"HierarchyPathItem"},{"id":"Herkku_00000014","name":"Liha ja kasviproteiinit","slug":"liha-ja-kasviproteiinit-1","__typename":"HierarchyPathItem"}],"isGlobalFallback":null,"countryName":{"fi":"Suomi","__typename":"CountryName"}},{"id":"6409490001223","ean":"6409490001223","name":"Papu Vekonisuikale 200g","price":3.39,"storeId":725782447,"__typename":"Product","approxPrice":false,"basicQuantityUnit":"KPL","comparisonPrice":16.95,"comparisonUnit":"KGM","consumerPackageSize":null,"consumerPackageUnit":null,"priceUnit":"KPL","quantityMultiplier":1,"brandName":"Papu","slug":"papu-vekonisuikale-200g","isAgeLimitedByAlcohol":false,"frozen":false,"packagingLabels":[],"packagingLabelCodes":[],"hierarchyPath":[{"id":"1591691245926574","name":"Kinkkusuikaleet ja lihapalat","slug":"liha-ja-kasviproteiinit-1/kinkut-ja-leikkeleet/kinkkusuikaleet-ja-lihapalat","__typename":"HierarchyPathItem"},{"id":"Herkku_00000156","name":"Kinkut ja leikkeleet","slug":"liha-ja-kasviproteiinit-1/kinkut-ja-leikkeleet","__typename":"HierarchyPathItem"},{"id":"Herkku_00000014","name":"Liha ja kasviproteiinit","slug":"liha-ja-kasviproteiinit-1","__typename":"HierarchyPathItem"}],"isGlobalFallback":null,"countryName":{"fi":"Suomi","__typename":"CountryName"}},{"id":"6409490001926","ean":"6409490001926","name":"Abu Fuad Kebab 250g","price":4.59,"storeId":725782447,"__typename":"Product","approxPrice":false,"basicQuantityUnit":"KPL","comparisonPrice":18.36,"comparisonUnit":"KGM","consumerPackageSize":null,"consumerPackageUnit":null,"priceUnit":"KPL","quantityMultiplier":1,"brandName":"Abu Fuad","slug":"abu-fuad-kebab-250g","isAgeLimitedByAlcohol":false,"frozen":false,"packagingLabels":["Hyvää Suomesta (Sininen Joutsen)"],"packagingLabelCodes":["GOODS_FROM_FINLAND_BLUE_SWAN"],"hierarchyPath":[{"id":"1591691245926574","name":"Kinkkusuikaleet ja lihapalat","slug":"liha-ja-kasviproteiinit-1/kinkut-ja-leikkeleet/kinkkusuikaleet-ja-lihapalat","__typename":"HierarchyPathItem"},{"id":"Herkku_00000156","name":"Kinkut ja leikkeleet","slug":"liha-ja-kasviproteiinit-1/kinkut-ja-leikkeleet","__typename":"HierarchyPathItem"},{"id":"Herkku_00000014","name":"Liha ja kasviproteiinit","slug":"liha-ja-kasviproteiinit-1","__typename":"HierarchyPathItem"}],"isGlobalFallback":null,"countryName":{"fi":"Suomi","__typename":"CountryName"}},{"id":"6409490003548","ean":"6409490003548","name":"Abu Fuad punainen kastike 330g","price":4.29,"storeId":725782447,"__typename":"Product","approxPrice":false,"basicQuantityUnit":"KPL","comparisonPrice":13,"comparisonUnit":"KGM","consumerPackageSize":null,"consumerPackageUnit":null,"priceUnit":"KPL","quantityMultiplier":1,"brandName":null,"slug":"abu-fuad-punainen-kastike-330g","isAgeLimitedByAlcohol":false,"frozen":false,"packagingLabels":[],"packagingLabelCodes":[],"hierarchyPath":[{"id":"1591691237300198","name":"Muu valmisruoka","slug":"valmisruoka-1/valmisateriat-ja-keitot/muu-valmisruoka","__typename":"HierarchyPathItem"},{"id":"1591691237074396","name":"Valmisateriat ja -keitot","slug":"valmisruoka-1/valmisateriat-ja-keitot","__typename":"HierarchyPathItem"},{"id":"StructureGroup_1356670909914497","name":"Valmisruoka","slug":"valmisruoka-1","__typename":"HierarchyPathItem"}],"isGlobalFallback":null,"countryName":{"fi":"Suomi","__typename":"CountryName"}},{"id":"6409490003562","ean":"6409490003562","name":"Abu Fuad tulisempi punainen kastike 330g","price":4.29,"storeId":725782447,"__typename":"Product","approxPrice":false,"basicQuantityUnit":"KPL","comparisonPrice":13,"comparisonUnit":"KGM","consumerPackageSize":null,"consumerPackageUnit":null,"priceUnit":"KPL","quantityMultiplier":1,"brandName":null,"slug":"abu-fuad-tulisempi-punainen-kastike-330g","isAgeLimitedByAlcohol":false,"frozen":false,"packagingLabels":[],"packagingLabelCodes":[],"hierarchyPath":[{"id":"1591691237300198","name":"Muu valmisruoka","slug":"valmisruoka-1/valmisateriat-ja-keitot/muu-valmisruoka","__typename":"HierarchyPathItem"},{"id":"1591691237074396","name":"Valmisateriat ja -keitot","slug":"valmisruoka-1/valmisateriat-ja-keitot","__typename":"HierarchyPathItem"},{"id":"StructureGroup_1356670909914497","name":"Valmisruoka","slug":"valmisruoka-1","__typename":"HierarchyPathItem"}],"isGlobalFallback":null,"countryName":{"fi":"Suomi","__typename":"CountryName"}},{"id":"6409490003586","ean":"6409490003586","name":"Abu Fuad Valkosipulikastike 330g","price":4.29,"storeId":725782447,"__typename":"Product","approxPrice":false,"basicQuantityUnit":"KPL","comparisonPrice":13,"comparisonUnit":"KGM","consumerPackageSize":null,"consumerPackageUnit":null,"priceUnit":"KPL","quantityMultiplier":1,"brandName":null,"slug":"abu-fuad-valkosipulikastike-330g","isAgeLimitedByAlcohol":false,"frozen":false,"packagingLabels":[],"packagingLabelCodes":[],"hierarchyPath":[{"id":"1591691237300198","name":"Muu valmisruoka","slug":"valmisruoka-1/valmisateriat-ja-keitot/muu-valmisruoka","__typename":"HierarchyPathItem"},{"id":"1591691237074396","name":"Valmisateriat ja -keitot","slug":"valmisruoka-1/valmisateriat-ja-keitot","__typename":"HierarchyPathItem"},{"id":"StructureGroup_1356670909914497","name":"Valmisruoka","slug":"valmisruoka-1","__typename":"HierarchyPathItem"}],"isGlobalFallback":null,"countryName":{"fi":"Suomi","__typename":"CountryName"}},{"id":"6409531650977","ean":"6409531650977","name":"Jalostaja Stroganoff 400g","price":5.49,"storeId":725782447,"__typename":"Product","approxPrice":false,"basicQuantityUnit":"KPL","comparisonPrice":13.73,"comparisonUnit":"KGM","consumerPackageSize":null,"consumerPackageUnit":null,"priceUnit":"KPL","quantityMultiplier":1,"brandName":"Jalostaja","slug":"jalostaja-stroganoff-400g","isAgeLimitedByAlcohol":false,"frozen":false,"packagingLabels":["Avainlippu"],"packagingLabelCodes":["MADE_IN_FINLAND_FLAG_WITH_KEY"],"hierarchyPath":[{"id":"Herkku_00000358","name":"Lihasäilykkeet","slug":"kuivatuotteet-ja-leivonta-1/sailykkeet/lihasailykkeet","__typename":"HierarchyPathItem"},{"id":"Herkku_00000063","name":"Säilykkeet","slug":"kuivatuotteet-ja-leivonta-1/sailykkeet","__typename":"HierarchyPathItem"},{"id":"Herkku_00000007","name":"Kuivatuotteet ja leivonta","slug":"kuivatuotteet-ja-leivonta-1","__typename":"HierarchyPathItem"}],"isGlobalFallback":null,"countryName":{"fi":"Suomi","__typename":"CountryName"}},{"id":"6409531651516","ean":"6409531651516","name":"Jalostaja Sian- ja naudanlihavalmiste 400g","price":3.25,"storeId":725782447,"__typename":"Product","approxPrice":false,"basicQuantityUnit":"KPL","comparisonPrice":8.13,"comparisonUnit":"KGM","consumerPackageSize":null,"consumerPackageUnit":null,"priceUnit":"KPL","quantityMultiplier":1,"brandName":"Jalostaja","slug":"jalostaja-sian-ja-naudanlihavalmiste-400g","isAgeLimitedByAlcohol":false,"frozen":false,"packagingLabels":["Avainlippu"],"packagingLabelCodes":["MADE_IN_FINLAND_FLAG_WITH_KEY"],"hierarchyPath":[{"id":"Herkku_00000358","name":"Lihasäilykkeet","slug":"kuivatuotteet-ja-leivonta-1/sailykkeet/lihasailykkeet","__typename":"HierarchyPathItem"},{"id":"Herkku_00000063","name":"Säilykkeet","slug":"kuivatuotteet-ja-leivonta-1/sailykkeet","__typename":"HierarchyPathItem"},{"id":"Herkku_00000007","name":"Kuivatuotteet ja leivonta","slug":"kuivatuotteet-ja-leivonta-1","__typename":"HierarchyPathItem"}],"isGlobalFallback":null,"countryName":{"fi":"Suomi","__typename":"CountryName"}},{"id":"6409531651530","ean":"6409531651530","name":"Jalostaja Naudanlihavalmiste 400g","price":4.99,"storeId":725782447,"__typename":"Product","approxPrice":false,"basicQuantityUnit":"KPL","comparisonPrice":12.48,"comparisonUnit":"KGM","consumerPackageSize":null,"consumerPackageUnit":null,"priceUnit":"KPL","quantityMultiplier":1,"brandName":"Jalostaja","slug":"jalostaja-naudanlihavalmiste-400g","isAgeLimitedByAlcohol":false,"frozen":false,"packagingLabels":["Avainlippu"],"packagingLabelCodes":["MADE_IN_FINLAND_FLAG_WITH_KEY"],"hierarchyPath":[{"id":"Herkku_00000358","name":"Lihasäilykkeet","slug":"kuivatuotteet-ja-leivonta-1/sailykkeet/lihasailykkeet","__typename":"HierarchyPathItem"},{"id":"Herkku_00000063","name":"Säilykkeet","slug":"kuivatuotteet-ja-leivonta-1/sailykkeet","__typename":"HierarchyPathItem"},{"id":"Herkku_00000007","name":"Kuivatuotteet ja leivonta","slug":"kuivatuotteet-ja-leivonta-1","__typename":"HierarchyPathItem"}],"isGlobalFallback":null,"countryName":{"fi":"Suomi","__typename":"CountryName"}},{"id":"6409531659413","ean":"6409531659413","name":"Jalostaja Perinteinen Hernekeitto 435g","price":1.75,"storeId":725782447,"__typename":"Product","approxPrice":false,"basicQuantityUnit":"KPL","comparisonPrice":4.02,"comparisonUnit":"KGM","consumerPackageSize":null,"consumerPackageUnit":null,"priceUnit":"KPL","quantityMultiplier":1,"brandName":"Jalostaja","slug":"jalostaja-perinteinen-hernekeitto-435g","isAgeLimitedByAlcohol":false,"frozen":false,"packagingLabels":["Avainlippu"],"packagingLabelCodes":["MADE_IN_FINLAND_FLAG_WITH_KEY"],"hierarchyPath":[{"id":"Herkku_00000474","name":"Valmiit keitot","slug":"kuivatuotteet-ja-leivonta-1/ateria-ainekset/valmiit-keitot","__typename":"HierarchyPathItem"},{"id":"Herkku_00000087","name":"Ateria-ainekset","slug":"kuivatuotteet-ja-leivonta-1/ateria-ainekset","__typename":"HierarchyPathItem"},{"id":"Herkku_00000007","name":"Kuivatuotteet ja leivonta","slug":"kuivatuotteet-ja-leivonta-1","__typename":"HierarchyPathItem"}],"isGlobalFallback":null,"countryName":{"fi":"Suomi","__typename":"CountryName"}},{"id":"6409531659482","ean":"6409531659482","name":"Jalostaja Kasvishernekeitto 435g","price":2.05,"storeId":725782447,"__typename":"Product","approxPrice":false,"basicQuantityUnit":"KPL","comparisonPrice":4.71,"comparisonUnit":"KGM","consumerPackageSize":null,"consumerPackageUnit":null,"priceUnit":"KPL","quantityMultiplier":1,"brandName":"Jalostaja","slug":"jalostaja-kasvishernekeitto-435g","isAgeLimitedByAlcohol":false,"frozen":false,"packagingLabels":["Avainlippu"],"packagingLabelCodes":["MADE_IN_FINLAND_FLAG_WITH_KEY"],"hierarchyPath":[{"id":"Herkku_00000474","name":"Valmiit keitot","slug":"kuivatuotteet-ja-leivonta-1/ateria-ainekset/valmiit-keitot","__typename":"HierarchyPathItem"},{"id":"Herkku_00000087","name":"Ateria-ainekset","slug":"kuivatuotteet-ja-leivonta-1/ateria-ainekset","__typename":"HierarchyPathItem"},{"id":"Herkku_00000007","name":"Kuivatuotteet ja leivonta","slug":"kuivatuotteet-ja-leivonta-1","__typename":"HierarchyPathItem"}],"isGlobalFallback":null,"countryName":{"fi":"Suomi","__typename":"CountryName"}},{"id":"6409531659567","ean":"6409531659567","name":"Jalostaja Luomu hernekeittoa 435g","price":2.19,"storeId":725782447,"__typename":"Product","approxPrice":false,"basicQuantityUnit":"KPL","comparisonPrice":5.03,"comparisonUnit":"KGM","consumerPackageSize":null,"consumerPackageUnit":null,"priceUnit":"KPL","quantityMultiplier":1,"brandName":"Jalostaja","slug":"jalostaja-luomu-hernekeittoa-435g","isAgeLimitedByAlcohol":false,"frozen":false,"packagingLabels":["Avainlippu"," EU:n luomutunnus (lehti)"," Luomumerkki (Aurinko)"],"packagingLabelCodes":["EU_ORGANIC_FARMING"," MADE_IN_FINLAND_FLAG_WITH_KEY"," OFFICIAL_ECO_LABEL_SUN"],"hierarchyPath":[{"id":"Herkku_00000474","name":"Valmiit keitot","slug":"kuivatuotteet-ja-leivonta-1/ateria-ainekset/valmiit-keitot","__typename":"HierarchyPathItem"},{"id":"Herkku_00000087","name":"Ateria-ainekset","slug":"kuivatuotteet-ja-leivonta-1/ateria-ainekset","__typename":"HierarchyPathItem"},{"id":"Herkku_00000007","name":"Kuivatuotteet ja leivonta","slug":"kuivatuotteet-ja-leivonta-1","__typename":"HierarchyPathItem"}],"isGlobalFallback":null,"countryName":{"fi":"Suomi","__typename":"CountryName"}},{"id":"6409531659789","ean":"6409531659789","name":"Jalostaja  reilusti lihaisa hernekeitto 435g","price":2.45,"storeId":725782447,"__typename":"Product","approxPrice":false,"basicQuantityUnit":"KPL","comparisonPrice":5.63,"comparisonUnit":"KGM","consumerPackageSize":null,"consumerPackageUnit":null,"priceUnit":"KPL","quantityMultiplier":1,"brandName":"Jalostaja","slug":"jalostaja-reilusti-lihaisa-hernekeitto-435g","isAgeLimitedByAlcohol":false,"frozen":false,"packagingLabels":["Avainlippu"],"packagingLabelCodes":["MADE_IN_FINLAND_FLAG_WITH_KEY"],"hierarchyPath":[{"id":"Herkku_00000474","name":"Valmiit keitot","slug":"kuivatuotteet-ja-leivonta-1/ateria-ainekset/valmiit-keitot","__typename":"HierarchyPathItem"},{"id":"Herkku_00000087","name":"Ateria-ainekset","slug":"kuivatuotteet-ja-leivonta-1/ateria-ainekset","__typename":"HierarchyPathItem"},{"id":"Herkku_00000007","name":"Kuivatuotteet ja leivonta","slug":"kuivatuotteet-ja-leivonta-1","__typename":"HierarchyPathItem"}],"isGlobalFallback":null,"countryName":{"fi":"Suomi","__typename":"CountryName"}},{"id":"6409531659802","ean":"6409531659802","name":"Jalostaja Perinteinen hernekeitto 860g","price":2.95,"storeId":725782447,"__typename":"Product","approxPrice":false,"basicQuantityUnit":"KPL","comparisonPrice":3.43,"comparisonUnit":"KGM","consumerPackageSize":null,"consumerPackageUnit":null,"priceUnit":"KPL","quantityMultiplier":1,"brandName":"Jalostaja","slug":"jalostaja-perinteinen-hernekeitto-860g","isAgeLimitedByAlcohol":false,"frozen":false,"packagingLabels":["Avainlippu"],"packagingLabelCodes":["MADE_IN_FINLAND_FLAG_WITH_KEY"],"hierarchyPath":[{"id":"Herkku_00000474","name":"Valmiit keitot","slug":"kuivatuotteet-ja-leivonta-1/ateria-ainekset/valmiit-keitot","__typename":"HierarchyPathItem"},{"id":"Herkku_00000087","name":"Ateria-ainekset","slug":"kuivatuotteet-ja-leivonta-1/ateria-ainekset","__typename":"HierarchyPathItem"},{"id":"Herkku_00000007","name":"Kuivatuotteet ja leivonta","slug":"kuivatuotteet-ja-leivonta-1","__typename":"HierarchyPathItem"}],"isGlobalFallback":null,"countryName":{"fi":"Suomi","__typename":"CountryName"}},{"id":"6409531700016","ean":"6409531700016","name":"Auran Mieto sinappi 125g","price":1.19,"storeId":725782447,"__typename":"Product","approxPrice":false,"basicQuantityUnit":"KPL","comparisonPrice":9.52,"comparisonUnit":"KGM","consumerPackageSize":null,"consumerPackageUnit":null,"priceUnit":"KPL","quantityMultiplier":1,"brandName":"Auran","slug":"auran-mieto-sinappi-125g","isAgeLimitedByAlcohol":false,"frozen":false,"packagingLabels":["Avainlippu"],"packagingLabelCodes":["MADE_IN_FINLAND_FLAG_WITH_KEY"],"hierarchyPath":[{"id":"Herkku_00000424","name":"Sinapit","slug":"oljyt-mausteet-maustaminen-1/ketsupit-ja-sinapit/sinapit","__typename":"HierarchyPathItem"},{"id":"Herkku_00000077","name":"Ketsupit ja sinapit","slug":"oljyt-mausteet-maustaminen-1/ketsupit-ja-sinapit","__typename":"HierarchyPathItem"},{"id":"Herkku_00000011","name":"Öljyt, mausteet, maustaminen","slug":"oljyt-mausteet-maustaminen-1","__typename":"HierarchyPathItem"}],"isGlobalFallback":null,"countryName":{"fi":"Suomi","__typename":"CountryName"}},{"id":"6409531700030","ean":"6409531700030","name":"Auran Väkevä sinappi 125g","price":1.19,"storeId":725782447,"__typename":"Product","approxPrice":false,"basicQuantityUnit":"KPL","comparisonPrice":9.52,"comparisonUnit":"KGM","consumerPackageSize":null,"consumerPackageUnit":null,"priceUnit":"KPL","quantityMultiplier":1,"brandName":"Auran","slug":"auran-vakeva-sinappi-125g","isAgeLimitedByAlcohol":false,"frozen":false,"packagingLabels":["Avainlippu"],"packagingLabelCodes":["MADE_IN_FINLAND_FLAG_WITH_KEY"],"hierarchyPath":[{"id":"Herkku_00000424","name":"Sinapit","slug":"oljyt-mausteet-maustaminen-1/ketsupit-ja-sinapit/sinapit","__typename":"HierarchyPathItem"},{"id":"Herkku_00000077","name":"Ketsupit ja sinapit","slug":"oljyt-mausteet-maustaminen-1/ketsupit-ja-sinapit","__typename":"HierarchyPathItem"},{"id":"Herkku_00000011","name":"Öljyt, mausteet, maustaminen","slug":"oljyt-mausteet-maustaminen-1","__typename":"HierarchyPathItem"}],"isGlobalFallback":null,"countryName":{"fi":"Suomi","__typename":"CountryName"}},{"id":"6409531700115","ean":"6409531700115","name":"Auran Mieto sinappi 275g","price":1.89,"storeId":725782447,"__typename":"Product","approxPrice":false,"basicQuantityUnit":"KPL","comparisonPrice":6.87,"comparisonUnit":"KGM","consumerPackageSize":null,"consumerPackageUnit":null,"priceUnit":"KPL","quantityMultiplier":1,"brandName":"Auran","slug":"auran-mieto-sinappi-275g","isAgeLimitedByAlcohol":false,"frozen":false,"packagingLabels":["Avainlippu"],"packagingLabelCodes":["MADE_IN_FINLAND_FLAG_WITH_KEY"],"hierarchyPath":[{"id":"Herkku_00000424","name":"Sinapit","slug":"oljyt-mausteet-maustaminen-1/ketsupit-ja-sinapit/sinapit","__typename":"HierarchyPathItem"},{"id":"Herkku_00000077","name":"Ketsupit ja sinapit","slug":"oljyt-mausteet-maustaminen-1/ketsupit-ja-sinapit","__typename":"HierarchyPathItem"},{"id":"Herkku_00000011","name":"Öljyt, mausteet, maustaminen","slug":"oljyt-mausteet-maustaminen-1","__typename":"HierarchyPathItem"}],"isGlobalFallback":null,"countryName":{"fi":"Suomi","__typename":"CountryName"}},{"id":"6409531700139","ean":"6409531700139","name":"Auran Väkevä sinappi 275g","price":1.89,"storeId":725782447,"__typename":"Product","approxPrice":false,"basicQuantityUnit":"KPL","comparisonPrice":6.87,"comparisonUnit":"KGM","consumerPackageSize":null,"consumerPackageUnit":null,"priceUnit":"KPL","quantityMultiplier":1,"brandName":"Auran","slug":"auran-vakeva-sinappi-275g","isAgeLimitedByAlcohol":false,"frozen":false,"packagingLabels":["Avainlippu"],"packagingLabelCodes":["MADE_IN_FINLAND_FLAG_WITH_KEY"],"hierarchyPath":[{"id":"Herkku_00000424","name":"Sinapit","slug":"oljyt-mausteet-maustaminen-1/ketsupit-ja-sinapit/sinapit","__typename":"HierarchyPathItem"},{"id":"Herkku_00000077","name":"Ketsupit ja sinapit","slug":"oljyt-mausteet-maustaminen-1/ketsupit-ja-sinapit","__typename":"HierarchyPathItem"},{"id":"Herkku_00000011","name":"Öljyt, mausteet, maustaminen","slug":"oljyt-mausteet-maustaminen-1","__typename":"HierarchyPathItem"}],"isGlobalFallback":null,"countryName":{"fi":"Suomi","__typename":"CountryName"}},{"id":"6409536650484","ean":"6409536650484","name":"Jalostaja Havaijin pata 195g","price":2.39,"storeId":725782447,"__typename":"Product","approxPrice":false,"basicQuantityUnit":"KPL","comparisonPrice":12.26,"comparisonUnit":"KGM","consumerPackageSize":null,"consumerPackageUnit":null,"priceUnit":"KPL","quantityMultiplier":1,"brandName":"Jalostaja","slug":"jalostaja-havaijin-pata-195g","isAgeLimitedByAlcohol":false,"frozen":false,"packagingLabels":["Avainlippu"],"packagingLabelCodes":["MADE_IN_FINLAND_FLAG_WITH_KEY"],"hierarchyPath":[{"id":"Herkku_00000468","name":"Pata-ainekset","slug":"kuivatuotteet-ja-leivonta-1/ateria-ainekset/pata-ainekset","__typename":"HierarchyPathItem"},{"id":"Herkku_00000087","name":"Ateria-ainekset","slug":"kuivatuotteet-ja-leivonta-1/ateria-ainekset","__typename":"HierarchyPathItem"},{"id":"Herkku_00000007","name":"Kuivatuotteet ja leivonta","slug":"kuivatuotteet-ja-leivonta-1","__typename":"HierarchyPathItem"}],"isGlobalFallback":null,"countryName":{"fi":"Suomi","__typename":"CountryName"}},{"id":"6409536651177","ean":"6409536651177","name":"Jalostaja Juustoinen savuporokeitto 350ml","price":3.09,"storeId":725782447,"__typename":"Product","approxPrice":false,"basicQuantityUnit":"KPL","comparisonPrice":8.83,"comparisonUnit":"LTR","consumerPackageSize":null,"consumerPackageUnit":null,"priceUnit":"KPL","quantityMultiplier":1,"brandName":"Jalostaja","slug":"jalostaja-juustoinen-savuporokeitto-350ml","isAgeLimitedByAlcohol":false,"frozen":false,"packagingLabels":["Avainlippu"],"packagingLabelCodes":["MADE_IN_FINLAND_FLAG_WITH_KEY"],"hierarchyPath":[{"id":"Herkku_00000474","name":"Valmiit keitot","slug":"kuivatuotteet-ja-leivonta-1/ateria-ainekset/valmiit-keitot","__typename":"HierarchyPathItem"},{"id":"Herkku_00000087","name":"Ateria-ainekset","slug":"kuivatuotteet-ja-leivonta-1/ateria-ainekset","__typename":"HierarchyPathItem"},{"id":"Herkku_00000007","name":"Kuivatuotteet ja leivonta","slug":"kuivatuotteet-ja-leivonta-1","__typename":"HierarchyPathItem"}],"isGlobalFallback":null,"countryName":{"fi":"Suomi","__typename":"CountryName"}},{"id":"6409538431500","ean":"6409538431500","name":"Auran Paprikamajoneesi 270g","price":3.29,"storeId":725782447,"__typename":"Product","approxPrice":false,"basicQuantityUnit":"KPL","comparisonPrice":12.19,"comparisonUnit":"KGM","consumerPackageSize":null,"consumerPackageUnit":null,"priceUnit":"KPL","quantityMultiplier":1,"brandName":"Auran","slug":"auran-paprikamajoneesi-270g","isAgeLimitedByAlcohol":false,"frozen":false,"packagingLabels":["Avainlippu"],"packagingLabelCodes":["MADE_IN_FINLAND_FLAG_WITH_KEY"],"hierarchyPath":[{"id":"Herkku_00000079","name":"Majoneesit ja majoneesikastikkeet","slug":"oljyt-mausteet-maustaminen-1/majoneesit-ja-majoneesikastikkeet","__typename":"HierarchyPathItem"},{"id":"Herkku_00000011","name":"Öljyt, mausteet, maustaminen","slug":"oljyt-mausteet-maustaminen-1","__typename":"HierarchyPathItem"}],"isGlobalFallback":null,"countryName":{"fi":"Suomi","__typename":"CountryName"}},{"id":"6409538431517","ean":"6409538431517","name":"Auran Kurkkumajoneesi 270g","price":3.29,"storeId":725782447,"__typename":"Product","approxPrice":false,"basicQuantityUnit":"KPL","comparisonPrice":12.19,"comparisonUnit":"KGM","consumerPackageSize":null,"consumerPackageUnit":null,"priceUnit":"KPL","quantityMultiplier":1,"brandName":"Auran","slug":"auran-kurkkumajoneesi-270g","isAgeLimitedByAlcohol":false,"frozen":false,"packagingLabels":["Avainlippu"],"packagingLabelCodes":["MADE_IN_FINLAND_FLAG_WITH_KEY"],"hierarchyPath":[{"id":"Herkku_00000079","name":"Majoneesit ja majoneesikastikkeet","slug":"oljyt-mausteet-maustaminen-1/majoneesit-ja-majoneesikastikkeet","__typename":"HierarchyPathItem"},{"id":"Herkku_00000011","name":"Öljyt, mausteet, maustaminen","slug":"oljyt-mausteet-maustaminen-1","__typename":"HierarchyPathItem"}],"isGlobalFallback":null,"countryName":{"fi":"Suomi","__typename":"CountryName"}},{"id":"6409538431524","ean":"6409538431524","name":"Auran Chilimajoneesi 270g","price":3.29,"storeId":725782447,"__typename":"Product","approxPrice":false,"basicQuantityUnit":"KPL","comparisonPrice":12.19,"comparisonUnit":"KGM","consumerPackageSize":null,"consumerPackageUnit":null,"priceUnit":"KPL","quantityMultiplier":1,"brandName":"Auran","slug":"auran-chilimajoneesi-270g","isAgeLimitedByAlcohol":false,"frozen":false,"packagingLabels":["Avainlippu"],"packagingLabelCodes":["MADE_IN_FINLAND_FLAG_WITH_KEY"],"hierarchyPath":[{"id":"Herkku_00000079","name":"Majoneesit ja majoneesikastikkeet","slug":"oljyt-mausteet-maustaminen-1/majoneesit-ja-majoneesikastikkeet","__typename":"HierarchyPathItem"},{"id":"Herkku_00000011","name":"Öljyt, mausteet, maustaminen","slug":"oljyt-mausteet-maustaminen-1","__typename":"HierarchyPathItem"}],"isGlobalFallback":null,"countryName":{"fi":"Suomi","__typename":"CountryName"}},{"id":"6409590000218","ean":"6409590000218","name":"Töysäläinen voi piparkakkuja 400g","price":3.05,"storeId":725782447,"__typename":"Product","approxPrice":false,"basicQuantityUnit":"KPL","comparisonPrice":7.62,"comparisonUnit":"KGM","consumerPackageSize":null,"consumerPackageUnit":null,"priceUnit":"KPL","quantityMultiplier":1,"brandName":"Töysäläinen","slug":"toysalainen-voi-piparkakkuja-400g","isAgeLimitedByAlcohol":false,"frozen":false,"packagingLabels":["Avainlippu"," Kierrätysmerkki"],"packagingLabelCodes":["MADE_IN_FINLAND_FLAG_WITH_KEY"," RECYCLABLE_GENERAL_CLAIM"],"hierarchyPath":[{"id":"Herkku_00000371","name":"Piparkakut","slug":"leivat-keksit-ja-leivonnaiset-1/keksit/piparkakut","__typename":"HierarchyPathItem"},{"id":"Herkku_00000065","name":"Keksit","slug":"leivat-keksit-ja-leivonnaiset-1/keksit","__typename":"HierarchyPathItem"},{"id":"Herkku_00000008","name":"Leivät, keksit ja leivonnaiset","slug":"leivat-keksit-ja-leivonnaiset-1","__typename":"HierarchyPathItem"}],"isGlobalFallback":null,"countryName":{"fi":"Suomi","__typename":"CountryName"}},{"id":"6409590000331","ean":"6409590000331","name":"Töysäläinen laktoositon piparkakkuja 400g","price":2.45,"storeId":725782447,"__typename":"Product","approxPrice":false,"basicQuantityUnit":"KPL","comparisonPrice":6.13,"comparisonUnit":"KGM","consumerPackageSize":null,"consumerPackageUnit":null,"priceUnit":"KPL","quantityMultiplier":1,"brandName":"Töysäläinen","slug":"toysalainen-laktoositon-piparkakkuja-400g","isAgeLimitedByAlcohol":false,"frozen":false,"packagingLabels":["Avainlippu"," Kierrätysmerkki"],"packagingLabelCodes":["MADE_IN_FINLAND_FLAG_WITH_KEY"," RECYCLABLE_GENERAL_CLAIM"],"hierarchyPath":[{"id":"Herkku_00000371","name":"Piparkakut","slug":"leivat-keksit-ja-leivonnaiset-1/keksit/piparkakut","__typename":"HierarchyPathItem"},{"id":"Herkku_00000065","name":"Keksit","slug":"leivat-keksit-ja-leivonnaiset-1/keksit","__typename":"HierarchyPathItem"},{"id":"Herkku_00000008","name":"Leivät, keksit ja leivonnaiset","slug":"leivat-keksit-ja-leivonnaiset-1","__typename":"HierarchyPathItem"}],"isGlobalFallback":null,"countryName":{"fi":"Suomi","__typename":"CountryName"}},{"id":"6409590000690","ean":"6409590000690","name":"Töysäläinen laktoositon murea kanelikorppu 600g","price":2.99,"storeId":725782447,"__typename":"Product","approxPrice":false,"basicQuantityUnit":"KPL","comparisonPrice":4.98,"comparisonUnit":"KGM","consumerPackageSize":null,"consumerPackageUnit":null,"priceUnit":"KPL","quantityMultiplier":1,"brandName":"Töysäläinen","slug":"toysalainen-laktoositon-murea-kanelikorppu-600g","isAgeLimitedByAlcohol":false,"frozen":false,"packagingLabels":["Avainlippu"," Kierrätysmerkki"," Sydänmerkki"],"packagingLabelCodes":["FINNISH_HEART_SYMBOL"," MADE_IN_FINLAND_FLAG_WITH_KEY"," RECYCLABLE_GENERAL_CLAIM"],"hierarchyPath":[{"id":"Herkku_00000446","name":"Korput","slug":"leivat-keksit-ja-leivonnaiset-1/korput-ja-rinkelit/korput","__typename":"HierarchyPathItem"},{"id":"Herkku_00000083","name":"Korput ja rinkelit","slug":"leivat-keksit-ja-leivonnaiset-1/korput-ja-rinkelit","__typename":"HierarchyPathItem"},{"id":"Herkku_00000008","name":"Leivät, keksit ja leivonnaiset","slug":"leivat-keksit-ja-leivonnaiset-1","__typename":"HierarchyPathItem"}],"isGlobalFallback":null,"countryName":{"fi":"Suomi","__typename":"CountryName"}},{"id":"6409620000324","ean":"6409620000324","name":"Snellman Kunnon kuoreton nakkimakkara 280g","price":2.99,"storeId":725782447,"__typename":"Product","approxPrice":false,"basicQuantityUnit":"KPL","comparisonPrice":10.68,"comparisonUnit":"KGM","consumerPackageSize":null,"consumerPackageUnit":null,"priceUnit":"KPL","quantityMultiplier":1,"brandName":"Snellman","slug":"snellman-kunnon-kuoreton-nakkimakkara-280g","isAgeLimitedByAlcohol":false,"frozen":false,"packagingLabels":["Hyvää Suomesta (Sininen Joutsen)"],"packagingLabelCodes":["GOODS_FROM_FINLAND_BLUE_SWAN"],"hierarchyPath":[{"id":"1591691245533167","name":"Nakit","slug":"liha-ja-kasviproteiinit-1/makkarat-nakit-ja-pekonit/nakit","__typename":"HierarchyPathItem"},{"id":"1591691245533161","name":"Makkarat, nakit ja pekonit","slug":"liha-ja-kasviproteiinit-1/makkarat-nakit-ja-pekonit","__typename":"HierarchyPathItem"},{"id":"Herkku_00000014","name":"Liha ja kasviproteiinit","slug":"liha-ja-kasviproteiinit-1","__typename":"HierarchyPathItem"}],"isGlobalFallback":null,"countryName":{"fi":"Suomi","__typename":"CountryName"}},{"id":"6409620002199","ean":"6409620002199","name":"Snellman  Herra Snellmanin maksamakkara 300g","price":2.09,"storeId":725782447,"__typename":"Product","approxPrice":false,"basicQuantityUnit":"KPL","comparisonPrice":6.97,"comparisonUnit":"KGM","consumerPackageSize":null,"consumerPackageUnit":null,"priceUnit":"KPL","quantityMultiplier":1,"brandName":"Snellman","slug":"snellman-herra-snellmanin-maksamakkara-300g","isAgeLimitedByAlcohol":false,"frozen":false,"packagingLabels":["Hyvää Suomesta (Sininen Joutsen)"],"packagingLabelCodes":["GOODS_FROM_FINLAND_BLUE_SWAN"],"hierarchyPath":[{"id":"Herkku_00000967","name":"Tahnat, pasteijat, maksatuotteet","slug":"liha-ja-kasviproteiinit-1/kinkut-ja-leikkeleet/tahnat-pasteijat-maksatuotteet","__typename":"HierarchyPathItem"},{"id":"Herkku_00000156","name":"Kinkut ja leikkeleet","slug":"liha-ja-kasviproteiinit-1/kinkut-ja-leikkeleet","__typename":"HierarchyPathItem"},{"id":"Herkku_00000014","name":"Liha ja kasviproteiinit","slug":"liha-ja-kasviproteiinit-1","__typename":"HierarchyPathItem"}],"isGlobalFallback":null,"countryName":{"fi":"Suomi","__typename":"CountryName"}},{"id":"6409620002366","ean":"6409620002366","name":"Snellman Kunnon nakkimakkara luonnonsuolessa 400g","price":4.79,"storeId":725782447,"__typename":"Product","approxPrice":false,"basicQuantityUnit":"KPL","comparisonPrice":11.98,"comparisonUnit":"KGM","consumerPackageSize":null,"consumerPackageUnit":null,"priceUnit":"KPL","quantityMultiplier":1,"brandName":"Snellman","slug":"snellman-kunnon-nakkimakkara-luonnonsuolessa-400g","isAgeLimitedByAlcohol":false,"frozen":false,"packagingLabels":["Hyvää Suomesta (Sininen Joutsen)"],"packagingLabelCodes":["GOODS_FROM_FINLAND_BLUE_SWAN"],"hierarchyPath":[{"id":"1591691245533167","name":"Nakit","slug":"liha-ja-kasviproteiinit-1/makkarat-nakit-ja-pekonit/nakit","__typename":"HierarchyPathItem"},{"id":"1591691245533161","name":"Makkarat, nakit ja pekonit","slug":"liha-ja-kasviproteiinit-1/makkarat-nakit-ja-pekonit","__typename":"HierarchyPathItem"},{"id":"Herkku_00000014","name":"Liha ja kasviproteiinit","slug":"liha-ja-kasviproteiinit-1","__typename":"HierarchyPathItem"}],"isGlobalFallback":null,"countryName":{"fi":"Suomi","__typename":"CountryName"}},{"id":"6409620003486","ean":"6409620003486","name":"Snellman Kotimainen meetvursti 220g","price":3.89,"storeId":725782447,"__typename":"Product","approxPrice":false,"basicQuantityUnit":"KPL","comparisonPrice":17.68,"comparisonUnit":"KGM","consumerPackageSize":null,"consumerPackageUnit":null,"priceUnit":"KPL","quantityMultiplier":1,"brandName":"Snellman","slug":"snellman-kotimainen-meetvursti-220g","isAgeLimitedByAlcohol":false,"frozen":false,"packagingLabels":["Hyvää Suomesta (Sininen Joutsen)"],"packagingLabelCodes":["GOODS_FROM_FINLAND_BLUE_SWAN"],"hierarchyPath":[{"id":"1591691245926568","name":"Meetvurstit ja salamit","slug":"liha-ja-kasviproteiinit-1/kinkut-ja-leikkeleet/meetvurstit-ja-salamit","__typename":"HierarchyPathItem"},{"id":"Herkku_00000156","name":"Kinkut ja leikkeleet","slug":"liha-ja-kasviproteiinit-1/kinkut-ja-leikkeleet","__typename":"HierarchyPathItem"},{"id":"Herkku_00000014","name":"Liha ja kasviproteiinit","slug":"liha-ja-kasviproteiinit-1","__typename":"HierarchyPathItem"}],"isGlobalFallback":null,"countryName":{"fi":"Suomi","__typename":"CountryName"}},{"id":"6409620003523","ean":"6409620003523","name":"Snellman Kevyt kotimainen meetvursti viipaleet 200g","price":3.89,"storeId":725782447,"__typename":"Product","approxPrice":false,"basicQuantityUnit":"KPL","comparisonPrice":19.45,"comparisonUnit":"KGM","consumerPackageSize":null,"consumerPackageUnit":null,"priceUnit":"KPL","quantityMultiplier":1,"brandName":"Snellman","slug":"snellman-kevyt-kotimainen-meetvursti-viipaleet-200g","isAgeLimitedByAlcohol":false,"frozen":false,"packagingLabels":["Hyvää Suomesta (Sininen Joutsen)"],"packagingLabelCodes":["GOODS_FROM_FINLAND_BLUE_SWAN"],"hierarchyPath":[{"id":"1591691245926568","name":"Meetvurstit ja salamit","slug":"liha-ja-kasviproteiinit-1/kinkut-ja-leikkeleet/meetvurstit-ja-salamit","__typename":"HierarchyPathItem"},{"id":"Herkku_00000156","name":"Kinkut ja leikkeleet","slug":"liha-ja-kasviproteiinit-1/kinkut-ja-leikkeleet","__typename":"HierarchyPathItem"},{"id":"Herkku_00000014","name":"Liha ja kasviproteiinit","slug":"liha-ja-kasviproteiinit-1","__typename":"HierarchyPathItem"}],"isGlobalFallback":null,"countryName":{"fi":"Suomi","__typename":"CountryName"}},{"id":"6409620007804","ean":"6409620007804","name":"Snellman Ohuen ohut pippurinen kinkku 150g","price":3.45,"storeId":725782447,"__typename":"Product","approxPrice":false,"basicQuantityUnit":"KPL","comparisonPrice":23,"comparisonUnit":"KGM","consumerPackageSize":null,"consumerPackageUnit":null,"priceUnit":"KPL","quantityMultiplier":1,"brandName":"Snellman","slug":"snellman-ohuen-ohut-pippurinen-kinkku-150g","isAgeLimitedByAlcohol":false,"frozen":false,"packagingLabels":["Hyvää Suomesta (Sininen Joutsen)"," Sydänmerkki"],"packagingLabelCodes":["FINNISH_HEART_SYMBOL"," GOODS_FROM_FINLAND_BLUE_SWAN"],"hierarchyPath":[{"id":"1591691245926570","name":"Kokolihaleikkeet","slug":"liha-ja-kasviproteiinit-1/kinkut-ja-leikkeleet/kokolihaleikkeet","__typename":"HierarchyPathItem"},{"id":"Herkku_00000156","name":"Kinkut ja leikkeleet","slug":"liha-ja-kasviproteiinit-1/kinkut-ja-leikkeleet","__typename":"HierarchyPathItem"},{"id":"Herkku_00000014","name":"Liha ja kasviproteiinit","slug":"liha-ja-kasviproteiinit-1","__typename":"HierarchyPathItem"}],"isGlobalFallback":null,"countryName":{"fi":"Suomi","__typename":"CountryName"}},{"id":"6409620007972","ean":"6409620007972","name":"Snellman Ohuen ohut kevyesti savustettu kinkku 150g","price":3.45,"storeId":725782447,"__typename":"Product","approxPrice":false,"basicQuantityUnit":"KPL","comparisonPrice":23,"comparisonUnit":"KGM","consumerPackageSize":null,"consumerPackageUnit":null,"priceUnit":"KPL","quantityMultiplier":1,"brandName":"Snellman","slug":"snellman-ohuen-ohut-kevyesti-savustettu-kinkku-150g","isAgeLimitedByAlcohol":false,"frozen":false,"packagingLabels":["Hyvää Suomesta (Sininen Joutsen)"," Sydänmerkki"],"packagingLabelCodes":["FINNISH_HEART_SYMBOL"," GOODS_FROM_FINLAND_BLUE_SWAN"],"hierarchyPath":[{"id":"1591691245926570","name":"Kokolihaleikkeet","slug":"liha-ja-kasviproteiinit-1/kinkut-ja-leikkeleet/kokolihaleikkeet","__typename":"HierarchyPathItem"},{"id":"Herkku_00000156","name":"Kinkut ja leikkeleet","slug":"liha-ja-kasviproteiinit-1/kinkut-ja-leikkeleet","__typename":"HierarchyPathItem"},{"id":"Herkku_00000014","name":"Liha ja kasviproteiinit","slug":"liha-ja-kasviproteiinit-1","__typename":"HierarchyPathItem"}],"isGlobalFallback":null,"countryName":{"fi":"Suomi","__typename":"CountryName"}},{"id":"6409620011849","ean":"6409620011849","name":"Snellman Kunnon naudan paistijauheliha 7% 400g","price":6.79,"storeId":725782447,"__typename":"Product","approxPrice":false,"basicQuantityUnit":"KPL","comparisonPrice":16.97,"comparisonUnit":"KGM","consumerPackageSize":null,"consumerPackageUnit":null,"priceUnit":"KPL","quantityMultiplier":1,"brandName":"Snellman","slug":"snellman-kunnon-naudan-paistijauheliha-7-400g","isAgeLimitedByAlcohol":false,"frozen":false,"packagingLabels":["Hyvää Suomesta (Sininen Joutsen)"],"packagingLabelCodes":["GOODS_FROM_FINLAND_BLUE_SWAN"],"hierarchyPath":[{"id":"Herkku_00000579","name":"Naudan jauheliha","slug":"liha-ja-kasviproteiinit-1/jauheliha/naudan-jauheliha","__typename":"HierarchyPathItem"},{"id":"Herkku_00000109","name":"Jauheliha","slug":"liha-ja-kasviproteiinit-1/jauheliha","__typename":"HierarchyPathItem"},{"id":"Herkku_00000014","name":"Liha ja kasviproteiinit","slug":"liha-ja-kasviproteiinit-1","__typename":"HierarchyPathItem"}],"isGlobalFallback":null,"countryName":{"fi":"Suomi","__typename":"CountryName"}},{"id":"6409620012853","ean":"6409620012853","name":"Snellman Grillattu kebab gyros 300 g","price":4.95,"storeId":725782447,"__typename":"Product","approxPrice":false,"basicQuantityUnit":"KPL","comparisonPrice":16.5,"comparisonUnit":"KGM","consumerPackageSize":null,"consumerPackageUnit":null,"priceUnit":"KPL","quantityMultiplier":1,"brandName":"Snellman","slug":"snellman-grillattu-kebab-gyros-300-g","isAgeLimitedByAlcohol":false,"frozen":false,"packagingLabels":["Hyvää Suomesta (Sininen Joutsen)"],"packagingLabelCodes":["GOODS_FROM_FINLAND_BLUE_SWAN"],"hierarchyPath":[{"id":"1591691245926574","name":"Kinkkusuikaleet ja lihapalat","slug":"liha-ja-kasviproteiinit-1/kinkut-ja-leikkeleet/kinkkusuikaleet-ja-lihapalat","__typename":"HierarchyPathItem"},{"id":"Herkku_00000156","name":"Kinkut ja leikkeleet","slug":"liha-ja-kasviproteiinit-1/kinkut-ja-leikkeleet","__typename":"HierarchyPathItem"},{"id":"Herkku_00000014","name":"Liha ja kasviproteiinit","slug":"liha-ja-kasviproteiinit-1","__typename":"HierarchyPathItem"}],"isGlobalFallback":null,"countryName":{"fi":"Suomi","__typename":"CountryName"}},{"id":"6409620013478","ean":"6409620013478","name":"Snellman Naudan nopeat paistisuikaleet 250g","price":5.55,"storeId":725782447,"__typename":"Product","approxPrice":false,"basicQuantityUnit":"KPL","comparisonPrice":22.2,"comparisonUnit":"KGM","consumerPackageSize":null,"consumerPackageUnit":null,"priceUnit":"KPL","quantityMultiplier":1,"brandName":"Snellman","slug":"snellman-naudan-nopeat-paistisuikaleet-250g","isAgeLimitedByAlcohol":false,"frozen":false,"packagingLabels":["Hyvää Suomesta (Sininen Joutsen)"],"packagingLabelCodes":["GOODS_FROM_FINLAND_BLUE_SWAN"],"hierarchyPath":[{"id":"Herkku_00000589","name":"Naudan suikaleet ja kuutiot","slug":"liha-ja-kasviproteiinit-1/nauta/naudan-suikaleet-ja-kuutiot","__typename":"HierarchyPathItem"},{"id":"Herkku_00000111","name":"Nauta","slug":"liha-ja-kasviproteiinit-1/nauta","__typename":"HierarchyPathItem"},{"id":"Herkku_00000014","name":"Liha ja kasviproteiinit","slug":"liha-ja-kasviproteiinit-1","__typename":"HierarchyPathItem"}],"isGlobalFallback":null,"countryName":{"fi":"Suomi","__typename":"CountryName"}},{"id":"6409620014390","ean":"6409620014390","name":"Snellman Maatiaispossun lehtipihvi ulkofileestä 2 kpl 240g","price":5.45,"storeId":725782447,"__typename":"Product","approxPrice":false,"basicQuantityUnit":"KPL","comparisonPrice":22.71,"comparisonUnit":"KGM","consumerPackageSize":null,"consumerPackageUnit":null,"priceUnit":"KPL","quantityMultiplier":1,"brandName":"Snellman","slug":"snellman-maatiaispossun-lehtipihvi-ulkofileesta-2-kpl-240g","isAgeLimitedByAlcohol":false,"frozen":false,"packagingLabels":["Hyvää Suomesta (Sininen Joutsen)"," Sydänmerkki"],"packagingLabelCodes":["FINNISH_HEART_SYMBOL"," GOODS_FROM_FINLAND_BLUE_SWAN"],"hierarchyPath":[{"id":"Herkku_00000576","name":"Porsaan pihvit ja leikkeet","slug":"liha-ja-kasviproteiinit-1/porsas/porsaan-pihvit-ja-leikkeet","__typename":"HierarchyPathItem"},{"id":"Herkku_00000108","name":"Porsas","slug":"liha-ja-kasviproteiinit-1/porsas","__typename":"HierarchyPathItem"},{"id":"Herkku_00000014","name":"Liha ja kasviproteiinit","slug":"liha-ja-kasviproteiinit-1","__typename":"HierarchyPathItem"}],"isGlobalFallback":null,"countryName":{"fi":"Suomi","__typename":"CountryName"}},{"id":"6409620053870","ean":"6409620053870","name":"Snellman Maatiaispossun lihasuikale 400g","price":4.49,"storeId":725782447,"__typename":"Product","approxPrice":false,"basicQuantityUnit":"KPL","comparisonPrice":11.23,"comparisonUnit":"KGM","consumerPackageSize":null,"consumerPackageUnit":null,"priceUnit":"KPL","quantityMultiplier":1,"brandName":"Snellman","slug":"snellman-maatiaispossun-lihasuikale-400g","isAgeLimitedByAlcohol":false,"frozen":false,"packagingLabels":["Hyvää Suomesta (Sininen Joutsen)"],"packagingLabelCodes":["GOODS_FROM_FINLAND_BLUE_SWAN"],"hierarchyPath":[{"id":"Herkku_00000572","name":"Porsaan suikaleet ja kuutiot","slug":"liha-ja-kasviproteiinit-1/porsas/porsaan-suikaleet-ja-kuutiot","__typename":"HierarchyPathItem"},{"id":"Herkku_00000108","name":"Porsas","slug":"liha-ja-kasviproteiinit-1/porsas","__typename":"HierarchyPathItem"},{"id":"Herkku_00000014","name":"Liha ja kasviproteiinit","slug":"liha-ja-kasviproteiinit-1","__typename":"HierarchyPathItem"}],"isGlobalFallback":null,"countryName":{"fi":"Suomi","__typename":"CountryName"}},{"id":"6409620362200","ean":"6409620362200","name":"Snellman Voileipäkinkku 300g","price":3.99,"storeId":725782447,"__typename":"Product","approxPrice":false,"basicQuantityUnit":"KPL","comparisonPrice":13.3,"comparisonUnit":"KGM","consumerPackageSize":null,"consumerPackageUnit":null,"priceUnit":"KPL","quantityMultiplier":1,"brandName":"Snellman","slug":"snellman-voileipakinkku-300g","isAgeLimitedByAlcohol":false,"frozen":false,"packagingLabels":["Hyvää Suomesta (Sininen Joutsen)"],"packagingLabelCodes":["GOODS_FROM_FINLAND_BLUE_SWAN"],"hierarchyPath":[{"id":"1591691245926570","name":"Kokolihaleikkeet","slug":"liha-ja-kasviproteiinit-1/kinkut-ja-leikkeleet/kokolihaleikkeet","__typename":"HierarchyPathItem"},{"id":"Herkku_00000156","name":"Kinkut ja leikkeleet","slug":"liha-ja-kasviproteiinit-1/kinkut-ja-leikkeleet","__typename":"HierarchyPathItem"},{"id":"Herkku_00000014","name":"Liha ja kasviproteiinit","slug":"liha-ja-kasviproteiinit-1","__typename":"HierarchyPathItem"}],"isGlobalFallback":null,"countryName":{"fi":"Suomi","__typename":"CountryName"}},{"id":"6409620364501","ean":"6409620364501","name":"Snellman Kinkkusuikaleet 300g","price":3.99,"storeId":725782447,"__typename":"Product","approxPrice":false,"basicQuantityUnit":"KPL","comparisonPrice":13.3,"comparisonUnit":"KGM","consumerPackageSize":null,"consumerPackageUnit":null,"priceUnit":"KPL","quantityMultiplier":1,"brandName":"Snellman","slug":"snellman-kinkkusuikaleet-300g","isAgeLimitedByAlcohol":false,"frozen":false,"packagingLabels":["Hyvää Suomesta (Sininen Joutsen)"],"packagingLabelCodes":["GOODS_FROM_FINLAND_BLUE_SWAN"],"hierarchyPath":[{"id":"1591691245926574","name":"Kinkkusuikaleet ja lihapalat","slug":"liha-ja-kasviproteiinit-1/kinkut-ja-leikkeleet/kinkkusuikaleet-ja-lihapalat","__typename":"HierarchyPathItem"},{"id":"Herkku_00000156","name":"Kinkut ja leikkeleet","slug":"liha-ja-kasviproteiinit-1/kinkut-ja-leikkeleet","__typename":"HierarchyPathItem"},{"id":"Herkku_00000014","name":"Liha ja kasviproteiinit","slug":"liha-ja-kasviproteiinit-1","__typename":"HierarchyPathItem"}],"isGlobalFallback":null,"countryName":{"fi":"Suomi","__typename":"CountryName"}},{"id":"6409630001090","ean":"6409630001090","name":"Kotivara Pepperonisalami 100 g","price":2.99,"storeId":725782447,"__typename":"Product","approxPrice":false,"basicQuantityUnit":"KPL","comparisonPrice":29.9,"comparisonUnit":"KGM","consumerPackageSize":null,"consumerPackageUnit":null,"priceUnit":"KPL","quantityMultiplier":1,"brandName":"Kotivara","slug":"kotivara-pepperonisalami-100-g","isAgeLimitedByAlcohol":false,"frozen":false,"packagingLabels":[],"packagingLabelCodes":[],"hierarchyPath":[{"id":"1591691245926568","name":"Meetvurstit ja salamit","slug":"liha-ja-kasviproteiinit-1/kinkut-ja-leikkeleet/meetvurstit-ja-salamit","__typename":"HierarchyPathItem"},{"id":"Herkku_00000156","name":"Kinkut ja leikkeleet","slug":"liha-ja-kasviproteiinit-1/kinkut-ja-leikkeleet","__typename":"HierarchyPathItem"},{"id":"Herkku_00000014","name":"Liha ja kasviproteiinit","slug":"liha-ja-kasviproteiinit-1","__typename":"HierarchyPathItem"}],"isGlobalFallback":null,"countryName":{"fi":"Suomi","__typename":"CountryName"}},{"id":"6409770080054","ean":"6409770080054","name":"Rosten Kaura, speltti & merisuola siemennäkkileipä 12kpl 250g","price":3.95,"storeId":725782447,"__typename":"Product","approxPrice":false,"basicQuantityUnit":"KPL","comparisonPrice":15.8,"comparisonUnit":"KGM","consumerPackageSize":null,"consumerPackageUnit":null,"priceUnit":"KPL","quantityMultiplier":1,"brandName":"Leipomo Rosten","slug":"rosten-kaura-speltti-and-merisuola-siemennakkileipa-12kpl-250g","isAgeLimitedByAlcohol":false,"frozen":false,"packagingLabels":[],"packagingLabelCodes":[],"hierarchyPath":[{"id":"Herkku_00000312","name":"Näkkileivät","slug":"leivat-keksit-ja-leivonnaiset-1/nakkileivat-ja-hapankorput/nakkileivat","__typename":"HierarchyPathItem"},{"id":"Herkku_00000052","name":"Näkkileivät ja hapankorput","slug":"leivat-keksit-ja-leivonnaiset-1/nakkileivat-ja-hapankorput","__typename":"HierarchyPathItem"},{"id":"Herkku_00000008","name":"Leivät, keksit ja leivonnaiset","slug":"leivat-keksit-ja-leivonnaiset-1","__typename":"HierarchyPathItem"}],"isGlobalFallback":null,"countryName":{"fi":"Suomi","__typename":"CountryName"}},{"id":"6409770080108","ean":"6409770080108","name":"Rosten Kaura & Chia siemennäkkileipä 12kpl 250g","price":3.95,"storeId":725782447,"__typename":"Product","approxPrice":false,"basicQuantityUnit":"KPL","comparisonPrice":15.8,"comparisonUnit":"KGM","consumerPackageSize":null,"consumerPackageUnit":null,"priceUnit":"KPL","quantityMultiplier":1,"brandName":"Leipomo Rosten","slug":"rosten-kaura-and-chia-siemennakkileipa-12kpl-250g","isAgeLimitedByAlcohol":false,"frozen":false,"packagingLabels":[],"packagingLabelCodes":[],"hierarchyPath":[{"id":"Herkku_00000312","name":"Näkkileivät","slug":"leivat-keksit-ja-leivonnaiset-1/nakkileivat-ja-hapankorput/nakkileivat","__typename":"HierarchyPathItem"},{"id":"Herkku_00000052","name":"Näkkileivät ja hapankorput","slug":"leivat-keksit-ja-leivonnaiset-1/nakkileivat-ja-hapankorput","__typename":"HierarchyPathItem"},{"id":"Herkku_00000008","name":"Leivät, keksit ja leivonnaiset","slug":"leivat-keksit-ja-leivonnaiset-1","__typename":"HierarchyPathItem"}],"isGlobalFallback":null,"countryName":{"fi":"Suomi","__typename":"CountryName"}},{"id":"6409770080603","ean":"6409770080603","name":"Rosten Siemenrapeat Kurpitsa & Pellava siemennäkkileipä 12kpl 250g","price":3.95,"storeId":725782447,"__typename":"Product","approxPrice":false,"basicQuantityUnit":"KPL","comparisonPrice":15.8,"comparisonUnit":"KGM","consumerPackageSize":null,"consumerPackageUnit":null,"priceUnit":"KPL","quantityMultiplier":1,"brandName":"Leipomo Rosten","slug":"rosten-siemenrapeat-kurpitsa-and-pellava-siemennakkileipa-12kpl-250g","isAgeLimitedByAlcohol":false,"frozen":false,"packagingLabels":["Avainlippu"],"packagingLabelCodes":["MADE_IN_FINLAND_FLAG_WITH_KEY"],"hierarchyPath":[{"id":"Herkku_00000312","name":"Näkkileivät","slug":"leivat-keksit-ja-leivonnaiset-1/nakkileivat-ja-hapankorput/nakkileivat","__typename":"HierarchyPathItem"},{"id":"Herkku_00000052","name":"Näkkileivät ja hapankorput","slug":"leivat-keksit-ja-leivonnaiset-1/nakkileivat-ja-hapankorput","__typename":"HierarchyPathItem"},{"id":"Herkku_00000008","name":"Leivät, keksit ja leivonnaiset","slug":"leivat-keksit-ja-leivonnaiset-1","__typename":"HierarchyPathItem"}],"isGlobalFallback":null,"countryName":{"fi":"Suomi","__typename":"CountryName"}},{"id":"6409770092040","ean":"6409770092040","name":"Rosten Rostis ruistaikina piirakka pakaste 6x65 g","price":4.98,"storeId":725782447,"__typename":"Product","approxPrice":false,"basicQuantityUnit":"KPL","comparisonPrice":12.77,"comparisonUnit":"KGM","consumerPackageSize":null,"consumerPackageUnit":null,"priceUnit":"KPL","quantityMultiplier":1,"brandName":"Leipomo Rosten","slug":"rosten-rostis-ruistaikina-piirakka-pakaste-6x65-g","isAgeLimitedByAlcohol":false,"frozen":true,"packagingLabels":[],"packagingLabelCodes":[],"hierarchyPath":[{"id":"1591691225974009","name":"Piirakat ja pasteijat","slug":"pakasteet-1/leivonnais-ja-leipapakasteet/piirakat-ja-pasteijat","__typename":"HierarchyPathItem"},{"id":"Herkku_00000125","name":"Leivonnais- ja leipäpakasteet","slug":"pakasteet-1/leivonnais-ja-leipapakasteet","__typename":"HierarchyPathItem"},{"id":"Herkku_00000013","name":"Pakasteet","slug":"pakasteet-1","__typename":"HierarchyPathItem"}],"isGlobalFallback":null,"countryName":{"fi":"Suomi","__typename":"CountryName"}},{"id":"6409941301926","ean":"6409941301926","name":"Dexal Pro Hydration appelsiini+C+B6+B12 poretabletti 18kpl ravintolisä","price":5.65,"storeId":725782447,"__typename":"Product","approxPrice":false,"basicQuantityUnit":"KPL","comparisonPrice":69.75,"comparisonUnit":"KGM","consumerPackageSize":null,"consumerPackageUnit":null,"priceUnit":"KPL","quantityMultiplier":1,"brandName":"Dexal","slug":"dexal-pro-hydration-appelsiinicb6b12-poretabletti-18kpl-ravintolisa","isAgeLimitedByAlcohol":false,"frozen":false,"packagingLabels":[],"packagingLabelCodes":[],"hierarchyPath":[{"id":"Herkku_00000997","name":"Urheiluravinnetabletit","slug":"luontaistuotteet-ja-lisaravinteet-1/urheiluravinnejauheet-ja-tabletit/urheiluravinnetabletit","__typename":"HierarchyPathItem"},{"id":"Herkku_00000164","name":"Urheiluravinnejauheet ja -tabletit","slug":"luontaistuotteet-ja-lisaravinteet-1/urheiluravinnejauheet-ja-tabletit","__typename":"HierarchyPathItem"},{"id":"Herkku_00000016","name":"Luontaistuotteet ja lisäravinteet","slug":"luontaistuotteet-ja-lisaravinteet-1","__typename":"HierarchyPathItem"}],"isGlobalFallback":null,"countryName":{"fi":"Saksa","__typename":"CountryName"}},{"id":"6409944200073","ean":"6409944200073","name":"Pansuola mineraalisuola 250g","price":2.45,"storeId":725782447,"__typename":"Product","approxPrice":false,"basicQuantityUnit":"KPL","comparisonPrice":9.8,"comparisonUnit":"KGM","consumerPackageSize":null,"consumerPackageUnit":null,"priceUnit":"KPL","quantityMultiplier":1,"brandName":"Pansuola","slug":"pansuola-mineraalisuola-250g","isAgeLimitedByAlcohol":false,"frozen":false,"packagingLabels":["Avainlippu"],"packagingLabelCodes":["MADE_IN_FINLAND_FLAG_WITH_KEY"],"hierarchyPath":[{"id":"Herkku_00000435","name":"Mineraalisuola","slug":"oljyt-mausteet-maustaminen-1/suolat/mineraalisuola","__typename":"HierarchyPathItem"},{"id":"Herkku_00000080","name":"Suolat","slug":"oljyt-mausteet-maustaminen-1/suolat","__typename":"HierarchyPathItem"},{"id":"Herkku_00000011","name":"Öljyt, mausteet, maustaminen","slug":"oljyt-mausteet-maustaminen-1","__typename":"HierarchyPathItem"}],"isGlobalFallback":null,"countryName":{"fi":"Suomi","__typename":"CountryName"}},{"id":"6409944200370","ean":"6409944200370","name":"Reformi Luomu Kasvisliemikuutio 88g 8kpl","price":2.25,"storeId":725782447,"__typename":"Product","approxPrice":false,"basicQuantityUnit":"KPL","comparisonPrice":23.44,"comparisonUnit":"KGM","consumerPackageSize":null,"consumerPackageUnit":null,"priceUnit":"KPL","quantityMultiplier":1,"brandName":"Reformi","slug":"reformi-luomu-kasvisliemikuutio-88g-8kpl","isAgeLimitedByAlcohol":false,"frozen":false,"packagingLabels":["EU:n luomutunnus (lehti)"],"packagingLabelCodes":["EU_ORGANIC_FARMING"],"hierarchyPath":[{"id":"Herkku_00000408","name":"Kasvisliemet","slug":"oljyt-mausteet-maustaminen-1/liemivalmisteet-ja-fondit/kasvisliemet","__typename":"HierarchyPathItem"},{"id":"Herkku_00000074","name":"Liemivalmisteet ja fondit","slug":"oljyt-mausteet-maustaminen-1/liemivalmisteet-ja-fondit","__typename":"HierarchyPathItem"},{"id":"Herkku_00000011","name":"Öljyt, mausteet, maustaminen","slug":"oljyt-mausteet-maustaminen-1","__typename":"HierarchyPathItem"}],"isGlobalFallback":null,"countryName":{"fi":"Itävalta","__typename":"CountryName"}},{"id":"6409945001501","ean":"6409945001501","name":"Gefilus Basic kapseli maitohappobakteerivalmiste 20kaps 7g ravintolisä","price":6.85,"storeId":725782447,"__typename":"Product","approxPrice":false,"basicQuantityUnit":"KPL","comparisonPrice":0.34,"comparisonUnit":"PCE","consumerPackageSize":null,"consumerPackageUnit":null,"priceUnit":"KPL","quantityMultiplier":1,"brandName":"Gefilus","slug":"gefilus-basic-kapseli-maitohappobakteerivalmiste-20kaps-7g-ravintolisa","isAgeLimitedByAlcohol":false,"frozen":false,"packagingLabels":[],"packagingLabelCodes":[],"hierarchyPath":[{"id":"Herkku_00001056","name":"Maitohappobakt.,probiootit,prebiootit","slug":"luontaistuotteet-ja-lisaravinteet-1/vatsan-hyvinvointivalmisteet/maitohappobakt.probiootitprebiootit","__typename":"HierarchyPathItem"},{"id":"Herkku_00000179","name":"Vatsan hyvinvointivalmisteet","slug":"luontaistuotteet-ja-lisaravinteet-1/vatsan-hyvinvointivalmisteet","__typename":"HierarchyPathItem"},{"id":"Herkku_00000016","name":"Luontaistuotteet ja lisäravinteet","slug":"luontaistuotteet-ja-lisaravinteet-1","__typename":"HierarchyPathItem"}],"isGlobalFallback":null,"countryName":{"fi":"Suomi","__typename":"CountryName"}},{"id":"6409945400601","ean":"6409945400601","name":"Pregcheck raskaustestiliuskat 2kpl","price":2.39,"storeId":725782447,"__typename":"Product","approxPrice":false,"basicQuantityUnit":"KPL","comparisonPrice":1.2,"comparisonUnit":"PCE","consumerPackageSize":null,"consumerPackageUnit":null,"priceUnit":"KPL","quantityMultiplier":1,"brandName":"Pregcheck","slug":"pregcheck-raskaustestiliuskat-2kpl","isAgeLimitedByAlcohol":false,"frozen":false,"packagingLabels":[],"packagingLabelCodes":[],"hierarchyPath":[{"id":"1591691233571279","name":"Raskaustestit ja muut testit","slug":"kosmetiikka-ja-hygienia/intiimihygienia-ja-intiimituotteet/raskaustestit-ja-muut-testit","__typename":"HierarchyPathItem"},{"id":"1591691233571247","name":"Intiimihygienia ja intiimituotteet","slug":"kosmetiikka-ja-hygienia/intiimihygienia-ja-intiimituotteet","__typename":"HierarchyPathItem"},{"id":"1591691233334707","name":"Kosmetiikka ja hygienia","slug":"kosmetiikka-ja-hygienia","__typename":"HierarchyPathItem"}],"isGlobalFallback":null,"countryName":{"fi":"Kiina","__typename":"CountryName"}},{"id":"6410140002804","ean":"6410140002804","name":"Malviala laktoositon perinteinen joulutorttu 6kpl 270g laukkutorttu","price":2.99,"storeId":725782447,"__typename":"Product","approxPrice":false,"basicQuantityUnit":"KPL","comparisonPrice":11.07,"comparisonUnit":"KGM","consumerPackageSize":null,"consumerPackageUnit":null,"priceUnit":"KPL","quantityMultiplier":1,"brandName":"Malviala","slug":"malviala-laktoositon-perinteinen-joulutorttu-6kpl-270g-laukkutorttu","isAgeLimitedByAlcohol":false,"frozen":false,"packagingLabels":[],"packagingLabelCodes":[],"hierarchyPath":[{"id":"Herkku_00000940","name":"Sesonkituotteet","slug":"leivat-keksit-ja-leivonnaiset-1/leivonnaiset/sesonkituotteet","__typename":"HierarchyPathItem"},{"id":"Herkku_00000152","name":"Leivonnaiset","slug":"leivat-keksit-ja-leivonnaiset-1/leivonnaiset","__typename":"HierarchyPathItem"},{"id":"Herkku_00000008","name":"Leivät, keksit ja leivonnaiset","slug":"leivat-keksit-ja-leivonnaiset-1","__typename":"HierarchyPathItem"}],"isGlobalFallback":null,"countryName":{"fi":"Suomi","__typename":"CountryName"}},{"id":"6410191000118","ean":"6410191000118","name":"KOTISINAPPI Perinteinen sinappi 300g","price":2.89,"storeId":725782447,"__typename":"Product","approxPrice":false,"basicQuantityUnit":"KPL","comparisonPrice":9.63,"comparisonUnit":"KGM","consumerPackageSize":null,"consumerPackageUnit":null,"priceUnit":"KPL","quantityMultiplier":1,"brandName":"Kotisinappi","slug":"kotisinappi-perinteinen-sinappi-300g","isAgeLimitedByAlcohol":false,"frozen":false,"packagingLabels":["Avainlippu"],"packagingLabelCodes":["MADE_IN_FINLAND_FLAG_WITH_KEY"],"hierarchyPath":[{"id":"Herkku_00000424","name":"Sinapit","slug":"oljyt-mausteet-maustaminen-1/ketsupit-ja-sinapit/sinapit","__typename":"HierarchyPathItem"},{"id":"Herkku_00000077","name":"Ketsupit ja sinapit","slug":"oljyt-mausteet-maustaminen-1/ketsupit-ja-sinapit","__typename":"HierarchyPathItem"},{"id":"Herkku_00000011","name":"Öljyt, mausteet, maustaminen","slug":"oljyt-mausteet-maustaminen-1","__typename":"HierarchyPathItem"}],"isGlobalFallback":null,"countryName":{"fi":"Suomi","__typename":"CountryName"}},{"id":"6410191000552","ean":"6410191000552","name":"KOTISINAPPI Väkevä sinappi 300g","price":2.89,"storeId":725782447,"__typename":"Product","approxPrice":false,"basicQuantityUnit":"KPL","comparisonPrice":9.63,"comparisonUnit":"KGM","consumerPackageSize":null,"consumerPackageUnit":null,"priceUnit":"KPL","quantityMultiplier":1,"brandName":"Kotisinappi","slug":"kotisinappi-vakeva-sinappi-300g","isAgeLimitedByAlcohol":false,"frozen":false,"packagingLabels":["Avainlippu"],"packagingLabelCodes":["MADE_IN_FINLAND_FLAG_WITH_KEY"],"hierarchyPath":[{"id":"Herkku_00000424","name":"Sinapit","slug":"oljyt-mausteet-maustaminen-1/ketsupit-ja-sinapit/sinapit","__typename":"HierarchyPathItem"},{"id":"Herkku_00000077","name":"Ketsupit ja sinapit","slug":"oljyt-mausteet-maustaminen-1/ketsupit-ja-sinapit","__typename":"HierarchyPathItem"},{"id":"Herkku_00000011","name":"Öljyt, mausteet, maustaminen","slug":"oljyt-mausteet-maustaminen-1","__typename":"HierarchyPathItem"}],"isGlobalFallback":null,"countryName":{"fi":"Suomi","__typename":"CountryName"}},{"id":"6410222004009","ean":"6410222004009","name":"Fazer Willja Veggie Bites Beets & Seeds 200g","price":3.79,"storeId":725782447,"__typename":"Product","approxPrice":false,"basicQuantityUnit":"KPL","comparisonPrice":18.95,"comparisonUnit":"KGM","consumerPackageSize":null,"consumerPackageUnit":null,"priceUnit":"KPL","quantityMultiplier":1,"brandName":"Fazer Willja","slug":"fazer-willja-veggie-bites-beets-and-seeds-200g","isAgeLimitedByAlcohol":false,"frozen":false,"packagingLabels":[],"packagingLabelCodes":[],"hierarchyPath":[{"id":"1591691237074406","name":"Pyörykät","slug":"valmisruoka-1/pyorykat-pihvit-ja-ohukaiset/pyorykat","__typename":"HierarchyPathItem"},{"id":"1591691237074393","name":"Pyörykät, pihvit ja ohukaiset","slug":"valmisruoka-1/pyorykat-pihvit-ja-ohukaiset","__typename":"HierarchyPathItem"},{"id":"StructureGroup_1356670909914497","name":"Valmisruoka","slug":"valmisruoka-1","__typename":"HierarchyPathItem"}],"isGlobalFallback":null,"countryName":{"fi":"Suomi","__typename":"CountryName"}},{"id":"6410222004108","ean":"6410222004108","name":"Fazer Willja Veggie Bites Pea & Broccoli 200g","price":3.79,"storeId":725782447,"__typename":"Product","approxPrice":false,"basicQuantityUnit":"KPL","comparisonPrice":18.95,"comparisonUnit":"KGM","consumerPackageSize":null,"consumerPackageUnit":null,"priceUnit":"KPL","quantityMultiplier":1,"brandName":"Fazer Willja","slug":"fazer-willja-veggie-bites-pea-and-broccoli-200g","isAgeLimitedByAlcohol":false,"frozen":false,"packagingLabels":[],"packagingLabelCodes":[],"hierarchyPath":[{"id":"1591691237074406","name":"Pyörykät","slug":"valmisruoka-1/pyorykat-pihvit-ja-ohukaiset/pyorykat","__typename":"HierarchyPathItem"},{"id":"1591691237074393","name":"Pyörykät, pihvit ja ohukaiset","slug":"valmisruoka-1/pyorykat-pihvit-ja-ohukaiset","__typename":"HierarchyPathItem"},{"id":"StructureGroup_1356670909914497","name":"Valmisruoka","slug":"valmisruoka-1","__typename":"HierarchyPathItem"}],"isGlobalFallback":null,"countryName":{"fi":"Suomi","__typename":"CountryName"}},{"id":"6410380097158","ean":"6410380097158","name":"Oolannin pyttipannu pakasteateria 500g","price":4.09,"storeId":725782447,"__typename":"Product","approxPrice":false,"basicQuantityUnit":"KPL","comparisonPrice":8.18,"comparisonUnit":"KGM","consumerPackageSize":null,"consumerPackageUnit":null,"priceUnit":"KPL","quantityMultiplier":1,"brandName":"Oolannin","slug":"oolannin-pyttipannu-pakasteateria-500g","isAgeLimitedByAlcohol":false,"frozen":true,"packagingLabels":["Hyvää Suomesta (Sininen Joutsen)"],"packagingLabelCodes":["GOODS_FROM_FINLAND_BLUE_SWAN"],"hierarchyPath":[{"id":"1591691225905845","name":"Valmiit pakasteateriat","slug":"pakasteet-1/pakasteateriat/valmiit-pakasteateriat","__typename":"HierarchyPathItem"},{"id":"Herkku_00000129","name":"Pakasteateriat","slug":"pakasteet-1/pakasteateriat","__typename":"HierarchyPathItem"},{"id":"Herkku_00000013","name":"Pakasteet","slug":"pakasteet-1","__typename":"HierarchyPathItem"}],"isGlobalFallback":null,"countryName":{"fi":"Suomi","__typename":"CountryName"}},{"id":"6410380097202","ean":"6410380097202","name":"Oolannin lihapullapannu pakasteateria 500g","price":5.39,"storeId":725782447,"__typename":"Product","approxPrice":false,"basicQuantityUnit":"KPL","comparisonPrice":10.78,"comparisonUnit":"KGM","consumerPackageSize":null,"consumerPackageUnit":null,"priceUnit":"KPL","quantityMultiplier":1,"brandName":"Oolannin","slug":"oolannin-lihapullapannu-pakasteateria-500g","isAgeLimitedByAlcohol":false,"frozen":true,"packagingLabels":[],"packagingLabelCodes":[],"hierarchyPath":[{"id":"1591691225905845","name":"Valmiit pakasteateriat","slug":"pakasteet-1/pakasteateriat/valmiit-pakasteateriat","__typename":"HierarchyPathItem"},{"id":"Herkku_00000129","name":"Pakasteateriat","slug":"pakasteet-1/pakasteateriat","__typename":"HierarchyPathItem"},{"id":"Herkku_00000013","name":"Pakasteet","slug":"pakasteet-1","__typename":"HierarchyPathItem"}],"isGlobalFallback":null,"countryName":{"fi":"Suomi","__typename":"CountryName"}},{"id":"6410380097608","ean":"6410380097608","name":"Oolannin uunirapeat ranskanperunat 500g","price":1.69,"storeId":725782447,"__typename":"Product","approxPrice":false,"basicQuantityUnit":"KPL","comparisonPrice":3.38,"comparisonUnit":"KGM","consumerPackageSize":null,"consumerPackageUnit":null,"priceUnit":"KPL","quantityMultiplier":1,"brandName":"Oolannin","slug":"oolannin-uunirapeat-ranskanperunat-500g","isAgeLimitedByAlcohol":false,"frozen":true,"packagingLabels":["Hyvää Suomesta (Sininen Joutsen)"],"packagingLabelCodes":["GOODS_FROM_FINLAND_BLUE_SWAN"],"hierarchyPath":[{"id":"1591691225905752","name":"Ranskalaiset perunat ja lohkoperunat","slug":"pakasteet-1/perunapakasteet/ranskalaiset-perunat-ja-lohkoperunat","__typename":"HierarchyPathItem"},{"id":"Herkku_00000128","name":"Perunapakasteet","slug":"pakasteet-1/perunapakasteet","__typename":"HierarchyPathItem"},{"id":"Herkku_00000013","name":"Pakasteet","slug":"pakasteet-1","__typename":"HierarchyPathItem"}],"isGlobalFallback":null,"countryName":{"fi":"Suomi","__typename":"CountryName"}},{"id":"6410381070020","ean":"6410381070020","name":"Kantolan maitosuklaa pallopipari 150g","price":2.25,"storeId":725782447,"__typename":"Product","approxPrice":false,"basicQuantityUnit":"KPL","comparisonPrice":15,"comparisonUnit":"KGM","consumerPackageSize":null,"consumerPackageUnit":null,"priceUnit":"KPL","quantityMultiplier":1,"brandName":"Kantolan","slug":"kantolan-maitosuklaa-pallopipari-150g","isAgeLimitedByAlcohol":false,"frozen":false,"packagingLabels":["Rainforest alliance certified (Sammakko-merkki)"],"packagingLabelCodes":["RAINFOREST_ALLIANCE"],"hierarchyPath":[{"id":"Herkku_00000371","name":"Piparkakut","slug":"leivat-keksit-ja-leivonnaiset-1/keksit/piparkakut","__typename":"HierarchyPathItem"},{"id":"Herkku_00000065","name":"Keksit","slug":"leivat-keksit-ja-leivonnaiset-1/keksit","__typename":"HierarchyPathItem"},{"id":"Herkku_00000008","name":"Leivät, keksit ja leivonnaiset","slug":"leivat-keksit-ja-leivonnaiset-1","__typename":"HierarchyPathItem"}],"isGlobalFallback":null,"countryName":{"fi":"Viro","__typename":"CountryName"}},{"id":"6410381080036","ean":"6410381080036","name":"Taffel Sips suolattu perunalastu 145g","price":1.99,"storeId":725782447,"__typename":"Product","approxPrice":false,"basicQuantityUnit":"KPL","comparisonPrice":13.72,"comparisonUnit":"KGM","consumerPackageSize":null,"consumerPackageUnit":null,"priceUnit":"KPL","quantityMultiplier":1,"brandName":"Taffel","slug":"taffel-sips-suolattu-perunalastu-145g","isAgeLimitedByAlcohol":false,"frozen":false,"packagingLabels":["Avainlippu"],"packagingLabelCodes":["MADE_IN_FINLAND_FLAG_WITH_KEY"],"hierarchyPath":[{"id":"Herkku_00000347","name":"Perunalastut","slug":"makeiset-ja-naposteltavat-1/sipsit-ja-muut-naposteltavat/perunalastut","__typename":"HierarchyPathItem"},{"id":"Herkku_00000062","name":"Sipsit ja muut naposteltavat","slug":"makeiset-ja-naposteltavat-1/sipsit-ja-muut-naposteltavat","__typename":"HierarchyPathItem"},{"id":"Herkku_00000009","name":"Makeiset ja naposteltavat","slug":"makeiset-ja-naposteltavat-1","__typename":"HierarchyPathItem"}],"isGlobalFallback":null,"countryName":{"fi":"Suomi","__typename":"CountryName"}},{"id":"6410381080678","ean":"6410381080678","name":"Taffel Bravo ranskankerma makea chili maustettu perunalastu 305g","price":3.39,"storeId":725782447,"__typename":"Product","approxPrice":false,"basicQuantityUnit":"KPL","comparisonPrice":11.11,"comparisonUnit":"KGM","consumerPackageSize":null,"consumerPackageUnit":null,"priceUnit":"KPL","quantityMultiplier":1,"brandName":"Taffel","slug":"taffel-bravo-ranskankerma-makea-chili-maustettu-perunalastu-305g","isAgeLimitedByAlcohol":false,"frozen":false,"packagingLabels":["Avainlippu"],"packagingLabelCodes":["MADE_IN_FINLAND_FLAG_WITH_KEY"],"hierarchyPath":[{"id":"Herkku_00000347","name":"Perunalastut","slug":"makeiset-ja-naposteltavat-1/sipsit-ja-muut-naposteltavat/perunalastut","__typename":"HierarchyPathItem"},{"id":"Herkku_00000062","name":"Sipsit ja muut naposteltavat","slug":"makeiset-ja-naposteltavat-1/sipsit-ja-muut-naposteltavat","__typename":"HierarchyPathItem"},{"id":"Herkku_00000009","name":"Makeiset ja naposteltavat","slug":"makeiset-ja-naposteltavat-1","__typename":"HierarchyPathItem"}],"isGlobalFallback":null,"countryName":{"fi":"Suomi","__typename":"CountryName"}},{"id":"6410381082030","ean":"6410381082030","name":"Taffel makea paprika maustettu perunalastu 150g","price":1.99,"storeId":725782447,"__typename":"Product","approxPrice":false,"basicQuantityUnit":"KPL","comparisonPrice":13.27,"comparisonUnit":"KGM","consumerPackageSize":null,"consumerPackageUnit":null,"priceUnit":"KPL","quantityMultiplier":1,"brandName":"Taffel","slug":"taffel-makea-paprika-maustettu-perunalastu-150g","isAgeLimitedByAlcohol":false,"frozen":false,"packagingLabels":["Avainlippu"],"packagingLabelCodes":["MADE_IN_FINLAND_FLAG_WITH_KEY"],"hierarchyPath":[{"id":"Herkku_00000347","name":"Perunalastut","slug":"makeiset-ja-naposteltavat-1/sipsit-ja-muut-naposteltavat/perunalastut","__typename":"HierarchyPathItem"},{"id":"Herkku_00000062","name":"Sipsit ja muut naposteltavat","slug":"makeiset-ja-naposteltavat-1/sipsit-ja-muut-naposteltavat","__typename":"HierarchyPathItem"},{"id":"Herkku_00000009","name":"Makeiset ja naposteltavat","slug":"makeiset-ja-naposteltavat-1","__typename":"HierarchyPathItem"}],"isGlobalFallback":null,"countryName":{"fi":"Suomi","__typename":"CountryName"}},{"id":"6410381083068","ean":"6410381083068","name":"Taffel Kartanon original suolattu perunalastu 180g","price":3.39,"storeId":725782447,"__typename":"Product","approxPrice":false,"basicQuantityUnit":"KPL","comparisonPrice":18.83,"comparisonUnit":"KGM","consumerPackageSize":null,"consumerPackageUnit":null,"priceUnit":"KPL","quantityMultiplier":1,"brandName":"Taffel","slug":"taffel-kartanon-original-suolattu-perunalastu-180g","isAgeLimitedByAlcohol":false,"frozen":false,"packagingLabels":["Avainlippu"],"packagingLabelCodes":["MADE_IN_FINLAND_FLAG_WITH_KEY"],"hierarchyPath":[{"id":"Herkku_00000347","name":"Perunalastut","slug":"makeiset-ja-naposteltavat-1/sipsit-ja-muut-naposteltavat/perunalastut","__typename":"HierarchyPathItem"},{"id":"Herkku_00000062","name":"Sipsit ja muut naposteltavat","slug":"makeiset-ja-naposteltavat-1/sipsit-ja-muut-naposteltavat","__typename":"HierarchyPathItem"},{"id":"Herkku_00000009","name":"Makeiset ja naposteltavat","slug":"makeiset-ja-naposteltavat-1","__typename":"HierarchyPathItem"}],"isGlobalFallback":null,"countryName":{"fi":"Suomi","__typename":"CountryName"}},{"id":"6410381083167","ean":"6410381083167","name":"Taffel Kartanon tilli kermaviili maustettu perunalastu 180g","price":3.39,"storeId":725782447,"__typename":"Product","approxPrice":false,"basicQuantityUnit":"KPL","comparisonPrice":18.83,"comparisonUnit":"KGM","consumerPackageSize":null,"consumerPackageUnit":null,"priceUnit":"KPL","quantityMultiplier":1,"brandName":"Taffel","slug":"taffel-kartanon-tilli-kermaviili-maustettu-perunalastu-180g","isAgeLimitedByAlcohol":false,"frozen":false,"packagingLabels":["Avainlippu"],"packagingLabelCodes":["MADE_IN_FINLAND_FLAG_WITH_KEY"],"hierarchyPath":[{"id":"Herkku_00000347","name":"Perunalastut","slug":"makeiset-ja-naposteltavat-1/sipsit-ja-muut-naposteltavat/perunalastut","__typename":"HierarchyPathItem"},{"id":"Herkku_00000062","name":"Sipsit ja muut naposteltavat","slug":"makeiset-ja-naposteltavat-1/sipsit-ja-muut-naposteltavat","__typename":"HierarchyPathItem"},{"id":"Herkku_00000009","name":"Makeiset ja naposteltavat","slug":"makeiset-ja-naposteltavat-1","__typename":"HierarchyPathItem"}],"isGlobalFallback":null,"countryName":{"fi":"Suomi","__typename":"CountryName"}},{"id":"6410381084089","ean":"6410381084089","name":"Taffel Juustosnacks maustettu snacks 235g","price":3.25,"storeId":725782447,"__typename":"Product","approxPrice":false,"basicQuantityUnit":"KPL","comparisonPrice":13.83,"comparisonUnit":"KGM","consumerPackageSize":null,"consumerPackageUnit":null,"priceUnit":"KPL","quantityMultiplier":1,"brandName":"Taffel","slug":"taffel-juustosnacks-maustettu-snacks-235g","isAgeLimitedByAlcohol":false,"frozen":false,"packagingLabels":[],"packagingLabelCodes":[],"hierarchyPath":[{"id":"Herkku_00000348","name":"Muotosnacksit","slug":"makeiset-ja-naposteltavat-1/sipsit-ja-muut-naposteltavat/muotosnacksit","__typename":"HierarchyPathItem"},{"id":"Herkku_00000062","name":"Sipsit ja muut naposteltavat","slug":"makeiset-ja-naposteltavat-1/sipsit-ja-muut-naposteltavat","__typename":"HierarchyPathItem"},{"id":"Herkku_00000009","name":"Makeiset ja naposteltavat","slug":"makeiset-ja-naposteltavat-1","__typename":"HierarchyPathItem"}],"isGlobalFallback":null,"countryName":{"fi":"Suomi","__typename":"CountryName"}},{"id":"6410381084287","ean":"6410381084287","name":"Taffel Nacho Cheese Balls maustettu juustosnacks 235g","price":3.25,"storeId":725782447,"__typename":"Product","approxPrice":false,"basicQuantityUnit":"KPL","comparisonPrice":13.83,"comparisonUnit":"KGM","consumerPackageSize":null,"consumerPackageUnit":null,"priceUnit":"KPL","quantityMultiplier":1,"brandName":"Taffel","slug":"taffel-nacho-cheese-balls-maustettu-juustosnacks-235g","isAgeLimitedByAlcohol":false,"frozen":false,"packagingLabels":[],"packagingLabelCodes":[],"hierarchyPath":[{"id":"Herkku_00000348","name":"Muotosnacksit","slug":"makeiset-ja-naposteltavat-1/sipsit-ja-muut-naposteltavat/muotosnacksit","__typename":"HierarchyPathItem"},{"id":"Herkku_00000062","name":"Sipsit ja muut naposteltavat","slug":"makeiset-ja-naposteltavat-1/sipsit-ja-muut-naposteltavat","__typename":"HierarchyPathItem"},{"id":"Herkku_00000009","name":"Makeiset ja naposteltavat","slug":"makeiset-ja-naposteltavat-1","__typename":"HierarchyPathItem"}],"isGlobalFallback":null,"countryName":{"fi":"Suomi","__typename":"CountryName"}},{"id":"6410381086083","ean":"6410381086083","name":"Taffel Raffel suolattu perunakierre 235g","price":3.39,"storeId":725782447,"__typename":"Product","approxPrice":false,"basicQuantityUnit":"KPL","comparisonPrice":14.43,"comparisonUnit":"KGM","consumerPackageSize":null,"consumerPackageUnit":null,"priceUnit":"KPL","quantityMultiplier":1,"brandName":"Taffel","slug":"taffel-raffel-suolattu-perunakierre-235g","isAgeLimitedByAlcohol":false,"frozen":false,"packagingLabels":[],"packagingLabelCodes":[],"hierarchyPath":[{"id":"Herkku_00000348","name":"Muotosnacksit","slug":"makeiset-ja-naposteltavat-1/sipsit-ja-muut-naposteltavat/muotosnacksit","__typename":"HierarchyPathItem"},{"id":"Herkku_00000062","name":"Sipsit ja muut naposteltavat","slug":"makeiset-ja-naposteltavat-1/sipsit-ja-muut-naposteltavat","__typename":"HierarchyPathItem"},{"id":"Herkku_00000009","name":"Makeiset ja naposteltavat","slug":"makeiset-ja-naposteltavat-1","__typename":"HierarchyPathItem"}],"isGlobalFallback":null,"countryName":{"fi":"Suomi","__typename":"CountryName"}},{"id":"6410381086328","ean":"6410381086328","name":"Taffel Hearts maustettu maissisnacks 60g","price":1.25,"storeId":725782447,"__typename":"Product","approxPrice":false,"basicQuantityUnit":"KPL","comparisonPrice":20.83,"comparisonUnit":"KGM","consumerPackageSize":null,"consumerPackageUnit":null,"priceUnit":"KPL","quantityMultiplier":1,"brandName":"Taffel","slug":"taffel-hearts-maustettu-maissisnacks-60g","isAgeLimitedByAlcohol":false,"frozen":false,"packagingLabels":[],"packagingLabelCodes":[],"hierarchyPath":[{"id":"Herkku_00000348","name":"Muotosnacksit","slug":"makeiset-ja-naposteltavat-1/sipsit-ja-muut-naposteltavat/muotosnacksit","__typename":"HierarchyPathItem"},{"id":"Herkku_00000062","name":"Sipsit ja muut naposteltavat","slug":"makeiset-ja-naposteltavat-1/sipsit-ja-muut-naposteltavat","__typename":"HierarchyPathItem"},{"id":"Herkku_00000009","name":"Makeiset ja naposteltavat","slug":"makeiset-ja-naposteltavat-1","__typename":"HierarchyPathItem"}],"isGlobalFallback":null,"countryName":{"fi":"Suomi","__typename":"CountryName"}},{"id":"6410381086380","ean":"6410381086380","name":"Taffel Hearts maustettu maissisnacks 235g","price":3.39,"storeId":725782447,"__typename":"Product","approxPrice":false,"basicQuantityUnit":"KPL","comparisonPrice":14.43,"comparisonUnit":"KGM","consumerPackageSize":null,"consumerPackageUnit":null,"priceUnit":"KPL","quantityMultiplier":1,"brandName":"Taffel","slug":"taffel-hearts-maustettu-maissisnacks-235g","isAgeLimitedByAlcohol":false,"frozen":false,"packagingLabels":[],"packagingLabelCodes":[],"hierarchyPath":[{"id":"Herkku_00000348","name":"Muotosnacksit","slug":"makeiset-ja-naposteltavat-1/sipsit-ja-muut-naposteltavat/muotosnacksit","__typename":"HierarchyPathItem"},{"id":"Herkku_00000062","name":"Sipsit ja muut naposteltavat","slug":"makeiset-ja-naposteltavat-1/sipsit-ja-muut-naposteltavat","__typename":"HierarchyPathItem"},{"id":"Herkku_00000009","name":"Makeiset ja naposteltavat","slug":"makeiset-ja-naposteltavat-1","__typename":"HierarchyPathItem"}],"isGlobalFallback":null,"countryName":{"fi":"Suomi","__typename":"CountryName"}},{"id":"6410381087271","ean":"6410381087271","name":"Taffel Krunts American ranskankerma maustettu maissisnacks 200g","price":3.19,"storeId":725782447,"__typename":"Product","approxPrice":false,"basicQuantityUnit":"KPL","comparisonPrice":15.95,"comparisonUnit":"KGM","consumerPackageSize":null,"consumerPackageUnit":null,"priceUnit":"KPL","quantityMultiplier":1,"brandName":"Taffel","slug":"taffel-krunts-american-ranskankerma-maustettu-maissisnacks-200g","isAgeLimitedByAlcohol":false,"frozen":false,"packagingLabels":[],"packagingLabelCodes":[],"hierarchyPath":[{"id":"Herkku_00000348","name":"Muotosnacksit","slug":"makeiset-ja-naposteltavat-1/sipsit-ja-muut-naposteltavat/muotosnacksit","__typename":"HierarchyPathItem"},{"id":"Herkku_00000062","name":"Sipsit ja muut naposteltavat","slug":"makeiset-ja-naposteltavat-1/sipsit-ja-muut-naposteltavat","__typename":"HierarchyPathItem"},{"id":"Herkku_00000009","name":"Makeiset ja naposteltavat","slug":"makeiset-ja-naposteltavat-1","__typename":"HierarchyPathItem"}],"isGlobalFallback":null,"countryName":{"fi":"Suomi","__typename":"CountryName"}},{"id":"6410381087332","ean":"6410381087332","name":"Taffel Kartanon paahdettu linssilastu kermaviili ja sipuli 110g","price":2.75,"storeId":725782447,"__typename":"Product","approxPrice":false,"basicQuantityUnit":"KPL","comparisonPrice":25,"comparisonUnit":"KGM","consumerPackageSize":null,"consumerPackageUnit":null,"priceUnit":"KPL","quantityMultiplier":1,"brandName":"Kartanon","slug":"taffel-kartanon-paahdettu-linssilastu-kermaviili-ja-sipuli-110g","isAgeLimitedByAlcohol":false,"frozen":false,"packagingLabels":[],"packagingLabelCodes":[],"hierarchyPath":[{"id":"Herkku_00000348","name":"Muotosnacksit","slug":"makeiset-ja-naposteltavat-1/sipsit-ja-muut-naposteltavat/muotosnacksit","__typename":"HierarchyPathItem"},{"id":"Herkku_00000062","name":"Sipsit ja muut naposteltavat","slug":"makeiset-ja-naposteltavat-1/sipsit-ja-muut-naposteltavat","__typename":"HierarchyPathItem"},{"id":"Herkku_00000009","name":"Makeiset ja naposteltavat","slug":"makeiset-ja-naposteltavat-1","__typename":"HierarchyPathItem"}],"isGlobalFallback":null,"countryName":{"fi":"Suomi","__typename":"CountryName"}},{"id":"6410381087455","ean":"6410381087455","name":"Taffel Roust ranch ja sourcre*m paahdettu perunasnacks 100g","price":2.65,"storeId":725782447,"__typename":"Product","approxPrice":false,"basicQuantityUnit":"KPL","comparisonPrice":26.5,"comparisonUnit":"KGM","consumerPackageSize":null,"consumerPackageUnit":null,"priceUnit":"KPL","quantityMultiplier":1,"brandName":"Taffel","slug":"taffel-roust-ranch-ja-sourcrem-paahdettu-perunasnacks-100g","isAgeLimitedByAlcohol":false,"frozen":false,"packagingLabels":[],"packagingLabelCodes":[],"hierarchyPath":[{"id":"Herkku_00000348","name":"Muotosnacksit","slug":"makeiset-ja-naposteltavat-1/sipsit-ja-muut-naposteltavat/muotosnacksit","__typename":"HierarchyPathItem"},{"id":"Herkku_00000062","name":"Sipsit ja muut naposteltavat","slug":"makeiset-ja-naposteltavat-1/sipsit-ja-muut-naposteltavat","__typename":"HierarchyPathItem"},{"id":"Herkku_00000009","name":"Makeiset ja naposteltavat","slug":"makeiset-ja-naposteltavat-1","__typename":"HierarchyPathItem"}],"isGlobalFallback":null,"countryName":{"fi":"Suomi","__typename":"CountryName"}},{"id":"6410381090561","ean":"6410381090561","name":"Taffel Sips suolattu perunalastu 325g","price":3.39,"storeId":725782447,"__typename":"Product","approxPrice":false,"basicQuantityUnit":"KPL","comparisonPrice":10.43,"comparisonUnit":"KGM","consumerPackageSize":null,"consumerPackageUnit":null,"priceUnit":"KPL","quantityMultiplier":1,"brandName":"Taffel","slug":"taffel-sips-suolattu-perunalastu-325g","isAgeLimitedByAlcohol":false,"frozen":false,"packagingLabels":["Avainlippu"],"packagingLabelCodes":["MADE_IN_FINLAND_FLAG_WITH_KEY"],"hierarchyPath":[{"id":"Herkku_00000347","name":"Perunalastut","slug":"makeiset-ja-naposteltavat-1/sipsit-ja-muut-naposteltavat/perunalastut","__typename":"HierarchyPathItem"},{"id":"Herkku_00000062","name":"Sipsit ja muut naposteltavat","slug":"makeiset-ja-naposteltavat-1/sipsit-ja-muut-naposteltavat","__typename":"HierarchyPathItem"},{"id":"Herkku_00000009","name":"Makeiset ja naposteltavat","slug":"makeiset-ja-naposteltavat-1","__typename":"HierarchyPathItem"}],"isGlobalFallback":null,"countryName":{"fi":"Suomi","__typename":"CountryName"}},{"id":"6410381090592","ean":"6410381090592","name":"Taffel Broadway ranskankerma sipuli maustettu perunalastu 325g","price":3.39,"storeId":725782447,"__typename":"Product","approxPrice":false,"basicQuantityUnit":"KPL","comparisonPrice":10.43,"comparisonUnit":"KGM","consumerPackageSize":null,"consumerPackageUnit":null,"priceUnit":"KPL","quantityMultiplier":1,"brandName":"Taffel","slug":"taffel-broadway-ranskankerma-sipuli-maustettu-perunalastu-325g","isAgeLimitedByAlcohol":false,"frozen":false,"packagingLabels":["Avainlippu"],"packagingLabelCodes":["MADE_IN_FINLAND_FLAG_WITH_KEY"],"hierarchyPath":[{"id":"Herkku_00000347","name":"Perunalastut","slug":"makeiset-ja-naposteltavat-1/sipsit-ja-muut-naposteltavat/perunalastut","__typename":"HierarchyPathItem"},{"id":"Herkku_00000062","name":"Sipsit ja muut naposteltavat","slug":"makeiset-ja-naposteltavat-1/sipsit-ja-muut-naposteltavat","__typename":"HierarchyPathItem"},{"id":"Herkku_00000009","name":"Makeiset ja naposteltavat","slug":"makeiset-ja-naposteltavat-1","__typename":"HierarchyPathItem"}],"isGlobalFallback":null,"countryName":{"fi":"Suomi","__typename":"CountryName"}},{"id":"6410381090622","ean":"6410381090622","name":"Taffel Grills grillimaustettu perunalastu 325g","price":3.39,"storeId":725782447,"__typename":"Product","approxPrice":false,"basicQuantityUnit":"KPL","comparisonPrice":10.43,"comparisonUnit":"KGM","consumerPackageSize":null,"consumerPackageUnit":null,"priceUnit":"KPL","quantityMultiplier":1,"brandName":"Taffel","slug":"taffel-grills-grillimaustettu-perunalastu-325g","isAgeLimitedByAlcohol":false,"frozen":false,"packagingLabels":["Avainlippu"],"packagingLabelCodes":["MADE_IN_FINLAND_FLAG_WITH_KEY"],"hierarchyPath":[{"id":"Herkku_00000347","name":"Perunalastut","slug":"makeiset-ja-naposteltavat-1/sipsit-ja-muut-naposteltavat/perunalastut","__typename":"HierarchyPathItem"},{"id":"Herkku_00000062","name":"Sipsit ja muut naposteltavat","slug":"makeiset-ja-naposteltavat-1/sipsit-ja-muut-naposteltavat","__typename":"HierarchyPathItem"},{"id":"Herkku_00000009","name":"Makeiset ja naposteltavat","slug":"makeiset-ja-naposteltavat-1","__typename":"HierarchyPathItem"}],"isGlobalFallback":null,"countryName":{"fi":"Suomi","__typename":"CountryName"}},{"id":"6410381091063","ean":"6410381091063","name":"Taffel Sips suolattu perunalastu 75g","price":1.29,"storeId":725782447,"__typename":"Product","approxPrice":false,"basicQuantityUnit":"KPL","comparisonPrice":17.2,"comparisonUnit":"KGM","consumerPackageSize":null,"consumerPackageUnit":null,"priceUnit":"KPL","quantityMultiplier":1,"brandName":"Taffel","slug":"taffel-sips-suolattu-perunalastu-75g","isAgeLimitedByAlcohol":false,"frozen":false,"packagingLabels":["Avainlippu"],"packagingLabelCodes":["MADE_IN_FINLAND_FLAG_WITH_KEY"],"hierarchyPath":[{"id":"Herkku_00000347","name":"Perunalastut","slug":"makeiset-ja-naposteltavat-1/sipsit-ja-muut-naposteltavat/perunalastut","__typename":"HierarchyPathItem"},{"id":"Herkku_00000062","name":"Sipsit ja muut naposteltavat","slug":"makeiset-ja-naposteltavat-1/sipsit-ja-muut-naposteltavat","__typename":"HierarchyPathItem"},{"id":"Herkku_00000009","name":"Makeiset ja naposteltavat","slug":"makeiset-ja-naposteltavat-1","__typename":"HierarchyPathItem"}],"isGlobalFallback":null,"countryName":{"fi":"Suomi","__typename":"CountryName"}},{"id":"6410381091384","ean":"6410381091384","name":"Taffel Broadway ranskankerma sipuli maustettu perunalastu 75g","price":1.29,"storeId":725782447,"__typename":"Product","approxPrice":false,"basicQuantityUnit":"KPL","comparisonPrice":17.2,"comparisonUnit":"KGM","consumerPackageSize":null,"consumerPackageUnit":null,"priceUnit":"KPL","quantityMultiplier":1,"brandName":"Taffel","slug":"taffel-broadway-ranskankerma-sipuli-maustettu-perunalastu-75g","isAgeLimitedByAlcohol":false,"frozen":false,"packagingLabels":["Avainlippu"],"packagingLabelCodes":["MADE_IN_FINLAND_FLAG_WITH_KEY"],"hierarchyPath":[{"id":"Herkku_00000347","name":"Perunalastut","slug":"makeiset-ja-naposteltavat-1/sipsit-ja-muut-naposteltavat/perunalastut","__typename":"HierarchyPathItem"},{"id":"Herkku_00000062","name":"Sipsit ja muut naposteltavat","slug":"makeiset-ja-naposteltavat-1/sipsit-ja-muut-naposteltavat","__typename":"HierarchyPathItem"},{"id":"Herkku_00000009","name":"Makeiset ja naposteltavat","slug":"makeiset-ja-naposteltavat-1","__typename":"HierarchyPathItem"}],"isGlobalFallback":null,"countryName":{"fi":"Suomi","__typename":"CountryName"}},{"id":"6410381092022","ean":"6410381092022","name":"Taffel suolapähkinä 175g","price":2.25,"storeId":725782447,"__typename":"Product","approxPrice":false,"basicQuantityUnit":"KPL","comparisonPrice":12.86,"comparisonUnit":"KGM","consumerPackageSize":null,"consumerPackageUnit":null,"priceUnit":"KPL","quantityMultiplier":1,"brandName":"Taffel","slug":"taffel-suolapahkina-175g","isAgeLimitedByAlcohol":false,"frozen":false,"packagingLabels":[],"packagingLabelCodes":[],"hierarchyPath":[{"id":"Herkku_00000305","name":"Pähkinät","slug":"kuivatuotteet-ja-leivonta-1/siemenet-pahkinat-ja-kuivatut-hedelmat/pahkinat","__typename":"HierarchyPathItem"},{"id":"Herkku_00000050","name":"Siemenet, pähkinät ja kuivatut hedelmät","slug":"kuivatuotteet-ja-leivonta-1/siemenet-pahkinat-ja-kuivatut-hedelmat","__typename":"HierarchyPathItem"},{"id":"Herkku_00000007","name":"Kuivatuotteet ja leivonta","slug":"kuivatuotteet-ja-leivonta-1","__typename":"HierarchyPathItem"}],"isGlobalFallback":null,"countryName":{"fi":"Tanska","__typename":"CountryName"}},{"id":"6410381092053","ean":"6410381092053","name":"Taffel suolapähkinä 300g","price":2.98,"storeId":725782447,"__typename":"Product","approxPrice":false,"basicQuantityUnit":"KPL","comparisonPrice":9.93,"comparisonUnit":"KGM","consumerPackageSize":null,"consumerPackageUnit":null,"priceUnit":"KPL","quantityMultiplier":1,"brandName":"Taffel","slug":"taffel-suolapahkina-300g","isAgeLimitedByAlcohol":false,"frozen":false,"packagingLabels":[],"packagingLabelCodes":[],"hierarchyPath":[{"id":"Herkku_00000305","name":"Pähkinät","slug":"kuivatuotteet-ja-leivonta-1/siemenet-pahkinat-ja-kuivatut-hedelmat/pahkinat","__typename":"HierarchyPathItem"},{"id":"Herkku_00000050","name":"Siemenet, pähkinät ja kuivatut hedelmät","slug":"kuivatuotteet-ja-leivonta-1/siemenet-pahkinat-ja-kuivatut-hedelmat","__typename":"HierarchyPathItem"},{"id":"Herkku_00000007","name":"Kuivatuotteet ja leivonta","slug":"kuivatuotteet-ja-leivonta-1","__typename":"HierarchyPathItem"}],"isGlobalFallback":null,"countryName":{"fi":"Tanska","__typename":"CountryName"}},{"id":"6410381092114","ean":"6410381092114","name":"Taffel Chili Nuts chilikuorrutettu maapähkinä 150g","price":2.45,"storeId":725782447,"__typename":"Product","approxPrice":false,"basicQuantityUnit":"KPL","comparisonPrice":16.33,"comparisonUnit":"KGM","consumerPackageSize":null,"consumerPackageUnit":null,"priceUnit":"KPL","quantityMultiplier":1,"brandName":"Taffel","slug":"taffel-chili-nuts-chilikuorrutettu-maapahkina-150g","isAgeLimitedByAlcohol":false,"frozen":false,"packagingLabels":[],"packagingLabelCodes":[],"hierarchyPath":[{"id":"Herkku_00000305","name":"Pähkinät","slug":"kuivatuotteet-ja-leivonta-1/siemenet-pahkinat-ja-kuivatut-hedelmat/pahkinat","__typename":"HierarchyPathItem"},{"id":"Herkku_00000050","name":"Siemenet, pähkinät ja kuivatut hedelmät","slug":"kuivatuotteet-ja-leivonta-1/siemenet-pahkinat-ja-kuivatut-hedelmat","__typename":"HierarchyPathItem"},{"id":"Herkku_00000007","name":"Kuivatuotteet ja leivonta","slug":"kuivatuotteet-ja-leivonta-1","__typename":"HierarchyPathItem"}],"isGlobalFallback":null,"countryName":{"fi":"Saksa","__typename":"CountryName"}},{"id":"6410381092121","ean":"6410381092121","name":"Taffel Broadway Nuts ranskankerma sipuli kuorrutettu maapähkinä 150g","price":2.45,"storeId":725782447,"__typename":"Product","approxPrice":false,"basicQuantityUnit":"KPL","comparisonPrice":16.33,"comparisonUnit":"KGM","consumerPackageSize":null,"consumerPackageUnit":null,"priceUnit":"KPL","quantityMultiplier":1,"brandName":"Taffel","slug":"taffel-broadway-nuts-ranskankerma-sipuli-kuorrutettu-maapahkina-150g","isAgeLimitedByAlcohol":false,"frozen":false,"packagingLabels":[],"packagingLabelCodes":[],"hierarchyPath":[{"id":"Herkku_00000305","name":"Pähkinät","slug":"kuivatuotteet-ja-leivonta-1/siemenet-pahkinat-ja-kuivatut-hedelmat/pahkinat","__typename":"HierarchyPathItem"},{"id":"Herkku_00000050","name":"Siemenet, pähkinät ja kuivatut hedelmät","slug":"kuivatuotteet-ja-leivonta-1/siemenet-pahkinat-ja-kuivatut-hedelmat","__typename":"HierarchyPathItem"},{"id":"Herkku_00000007","name":"Kuivatuotteet ja leivonta","slug":"kuivatuotteet-ja-leivonta-1","__typename":"HierarchyPathItem"}],"isGlobalFallback":null,"countryName":{"fi":"Saksa","__typename":"CountryName"}},{"id":"6410381092275","ean":"6410381092275","name":"Taffel Mix pähkinä- ja rusinasekoitus 300g","price":4.69,"storeId":725782447,"__typename":"Product","approxPrice":false,"basicQuantityUnit":"KPL","comparisonPrice":15.63,"comparisonUnit":"KGM","consumerPackageSize":null,"consumerPackageUnit":null,"priceUnit":"KPL","quantityMultiplier":1,"brandName":"Taffel","slug":"taffel-mix-pahkina-ja-rusinasekoitus-300g","isAgeLimitedByAlcohol":false,"frozen":false,"packagingLabels":[],"packagingLabelCodes":[],"hierarchyPath":[{"id":"Herkku_00000308","name":"Hedelmä-pähkinä sekoitukset","slug":"kuivatuotteet-ja-leivonta-1/siemenet-pahkinat-ja-kuivatut-hedelmat/hedelma-pahkina-sekoitukset","__typename":"HierarchyPathItem"},{"id":"Herkku_00000050","name":"Siemenet, pähkinät ja kuivatut hedelmät","slug":"kuivatuotteet-ja-leivonta-1/siemenet-pahkinat-ja-kuivatut-hedelmat","__typename":"HierarchyPathItem"},{"id":"Herkku_00000007","name":"Kuivatuotteet ja leivonta","slug":"kuivatuotteet-ja-leivonta-1","__typename":"HierarchyPathItem"}],"isGlobalFallback":null,"countryName":{"fi":"Tanska","__typename":"CountryName"}},{"id":"6410381092305","ean":"6410381092305","name":"Taffel Kartanon Välipala pähkinä- ja marjasekoitus 60g","price":2.15,"storeId":725782447,"__typename":"Product","approxPrice":false,"basicQuantityUnit":"KPL","comparisonPrice":35.83,"comparisonUnit":"KGM","consumerPackageSize":null,"consumerPackageUnit":null,"priceUnit":"KPL","quantityMultiplier":1,"brandName":"Taffel","slug":"taffel-kartanon-valipala-pahkina-ja-marjasekoitus-60g","isAgeLimitedByAlcohol":false,"frozen":false,"packagingLabels":[],"packagingLabelCodes":[],"hierarchyPath":[{"id":"Herkku_00000308","name":"Hedelmä-pähkinä sekoitukset","slug":"kuivatuotteet-ja-leivonta-1/siemenet-pahkinat-ja-kuivatut-hedelmat/hedelma-pahkina-sekoitukset","__typename":"HierarchyPathItem"},{"id":"Herkku_00000050","name":"Siemenet, pähkinät ja kuivatut hedelmät","slug":"kuivatuotteet-ja-leivonta-1/siemenet-pahkinat-ja-kuivatut-hedelmat","__typename":"HierarchyPathItem"},{"id":"Herkku_00000007","name":"Kuivatuotteet ja leivonta","slug":"kuivatuotteet-ja-leivonta-1","__typename":"HierarchyPathItem"}],"isGlobalFallback":null,"countryName":{"fi":"Tanska","__typename":"CountryName"}},{"id":"6410381092312","ean":"6410381092312","name":"Taffel Kartanon Välipala pähkinä- ja hedelmäsekoitus 60g","price":2.15,"storeId":725782447,"__typename":"Product","approxPrice":false,"basicQuantityUnit":"KPL","comparisonPrice":35.83,"comparisonUnit":"KGM","consumerPackageSize":null,"consumerPackageUnit":null,"priceUnit":"KPL","quantityMultiplier":1,"brandName":"Taffel","slug":"taffel-kartanon-valipala-pahkina-ja-hedelmasekoitus-60g","isAgeLimitedByAlcohol":false,"frozen":false,"packagingLabels":[],"packagingLabelCodes":[],"hierarchyPath":[{"id":"Herkku_00000308","name":"Hedelmä-pähkinä sekoitukset","slug":"kuivatuotteet-ja-leivonta-1/siemenet-pahkinat-ja-kuivatut-hedelmat/hedelma-pahkina-sekoitukset","__typename":"HierarchyPathItem"},{"id":"Herkku_00000050","name":"Siemenet, pähkinät ja kuivatut hedelmät","slug":"kuivatuotteet-ja-leivonta-1/siemenet-pahkinat-ja-kuivatut-hedelmat","__typename":"HierarchyPathItem"},{"id":"Herkku_00000007","name":"Kuivatuotteet ja leivonta","slug":"kuivatuotteet-ja-leivonta-1","__typename":"HierarchyPathItem"}],"isGlobalFallback":null,"countryName":{"fi":"Tanska","__typename":"CountryName"}},{"id":"6410381092749","ean":"6410381092749","name":"Taffel Ranch Nuts kuorrutettu maapähkinä 150g","price":2.45,"storeId":725782447,"__typename":"Product","approxPrice":false,"basicQuantityUnit":"KPL","comparisonPrice":16.33,"comparisonUnit":"KGM","consumerPackageSize":null,"consumerPackageUnit":null,"priceUnit":"KPL","quantityMultiplier":1,"brandName":"Taffel","slug":"taffel-ranch-nuts-kuorrutettu-maapahkina-150g","isAgeLimitedByAlcohol":false,"frozen":false,"packagingLabels":[],"packagingLabelCodes":[],"hierarchyPath":[{"id":"Herkku_00000305","name":"Pähkinät","slug":"kuivatuotteet-ja-leivonta-1/siemenet-pahkinat-ja-kuivatut-hedelmat/pahkinat","__typename":"HierarchyPathItem"},{"id":"Herkku_00000050","name":"Siemenet, pähkinät ja kuivatut hedelmät","slug":"kuivatuotteet-ja-leivonta-1/siemenet-pahkinat-ja-kuivatut-hedelmat","__typename":"HierarchyPathItem"},{"id":"Herkku_00000007","name":"Kuivatuotteet ja leivonta","slug":"kuivatuotteet-ja-leivonta-1","__typename":"HierarchyPathItem"}],"isGlobalFallback":null,"countryName":{"fi":"Saksa","__typename":"CountryName"}},{"id":"6410381092800","ean":"6410381092800","name":"Taffel Manteli merisuola 90g","price":2.69,"storeId":725782447,"__typename":"Product","approxPrice":false,"basicQuantityUnit":"KPL","comparisonPrice":29.89,"comparisonUnit":"KGM","consumerPackageSize":null,"consumerPackageUnit":null,"priceUnit":"KPL","quantityMultiplier":1,"brandName":"Taffel","slug":"taffel-manteli-merisuola-90g","isAgeLimitedByAlcohol":false,"frozen":false,"packagingLabels":[],"packagingLabelCodes":[],"hierarchyPath":[{"id":"Herkku_00000305","name":"Pähkinät","slug":"kuivatuotteet-ja-leivonta-1/siemenet-pahkinat-ja-kuivatut-hedelmat/pahkinat","__typename":"HierarchyPathItem"},{"id":"Herkku_00000050","name":"Siemenet, pähkinät ja kuivatut hedelmät","slug":"kuivatuotteet-ja-leivonta-1/siemenet-pahkinat-ja-kuivatut-hedelmat","__typename":"HierarchyPathItem"},{"id":"Herkku_00000007","name":"Kuivatuotteet ja leivonta","slug":"kuivatuotteet-ja-leivonta-1","__typename":"HierarchyPathItem"}],"isGlobalFallback":null,"countryName":{"fi":"Tanska","__typename":"CountryName"}},{"id":"6410381092817","ean":"6410381092817","name":"Taffel Manteli suola mustapippuri 90g","price":2.69,"storeId":725782447,"__typename":"Product","approxPrice":false,"basicQuantityUnit":"KPL","comparisonPrice":29.89,"comparisonUnit":"KGM","consumerPackageSize":null,"consumerPackageUnit":null,"priceUnit":"KPL","quantityMultiplier":1,"brandName":"Taffel","slug":"taffel-manteli-suola-mustapippuri-90g","isAgeLimitedByAlcohol":false,"frozen":false,"packagingLabels":[],"packagingLabelCodes":[],"hierarchyPath":[{"id":"Herkku_00000305","name":"Pähkinät","slug":"kuivatuotteet-ja-leivonta-1/siemenet-pahkinat-ja-kuivatut-hedelmat/pahkinat","__typename":"HierarchyPathItem"},{"id":"Herkku_00000050","name":"Siemenet, pähkinät ja kuivatut hedelmät","slug":"kuivatuotteet-ja-leivonta-1/siemenet-pahkinat-ja-kuivatut-hedelmat","__typename":"HierarchyPathItem"},{"id":"Herkku_00000007","name":"Kuivatuotteet ja leivonta","slug":"kuivatuotteet-ja-leivonta-1","__typename":"HierarchyPathItem"}],"isGlobalFallback":null,"countryName":{"fi":"Tanska","__typename":"CountryName"}},{"id":"6410381092824","ean":"6410381092824","name":"Taffel paahdettu cashew merisuola 80g","price":3.19,"storeId":725782447,"__typename":"Product","approxPrice":false,"basicQuantityUnit":"KPL","comparisonPrice":39.88,"comparisonUnit":"KGM","consumerPackageSize":null,"consumerPackageUnit":null,"priceUnit":"KPL","quantityMultiplier":1,"brandName":"Taffel","slug":"taffel-paahdettu-cashew-merisuola-80g","isAgeLimitedByAlcohol":false,"frozen":false,"packagingLabels":[],"packagingLabelCodes":[],"hierarchyPath":[{"id":"Herkku_00000305","name":"Pähkinät","slug":"kuivatuotteet-ja-leivonta-1/siemenet-pahkinat-ja-kuivatut-hedelmat/pahkinat","__typename":"HierarchyPathItem"},{"id":"Herkku_00000050","name":"Siemenet, pähkinät ja kuivatut hedelmät","slug":"kuivatuotteet-ja-leivonta-1/siemenet-pahkinat-ja-kuivatut-hedelmat","__typename":"HierarchyPathItem"},{"id":"Herkku_00000007","name":"Kuivatuotteet ja leivonta","slug":"kuivatuotteet-ja-leivonta-1","__typename":"HierarchyPathItem"}],"isGlobalFallback":null,"countryName":{"fi":"Tanska","__typename":"CountryName"}},{"id":"6410381094309","ean":"6410381094309","name":"Taffel Zuusto maustettu vegaaninen snacks 200g","price":2.99,"storeId":725782447,"__typename":"Product","approxPrice":false,"basicQuantityUnit":"KPL","comparisonPrice":14.95,"comparisonUnit":"KGM","consumerPackageSize":null,"consumerPackageUnit":null,"priceUnit":"KPL","quantityMultiplier":1,"brandName":"Taffel","slug":"taffel-zuusto-maustettu-vegaaninen-snacks-200g","isAgeLimitedByAlcohol":false,"frozen":false,"packagingLabels":[],"packagingLabelCodes":[],"hierarchyPath":[{"id":"Herkku_00000348","name":"Muotosnacksit","slug":"makeiset-ja-naposteltavat-1/sipsit-ja-muut-naposteltavat/muotosnacksit","__typename":"HierarchyPathItem"},{"id":"Herkku_00000062","name":"Sipsit ja muut naposteltavat","slug":"makeiset-ja-naposteltavat-1/sipsit-ja-muut-naposteltavat","__typename":"HierarchyPathItem"},{"id":"Herkku_00000009","name":"Makeiset ja naposteltavat","slug":"makeiset-ja-naposteltavat-1","__typename":"HierarchyPathItem"}],"isGlobalFallback":null,"countryName":{"fi":"Ruotsi","__typename":"CountryName"}},{"id":"6410381095115","ean":"6410381095115","name":"Taffel original suolattu mikropopcorn 90g","price":1.25,"storeId":725782447,"__typename":"Product","approxPrice":false,"basicQuantityUnit":"KPL","comparisonPrice":13.89,"comparisonUnit":"KGM","consumerPackageSize":null,"consumerPackageUnit":null,"priceUnit":"KPL","quantityMultiplier":1,"brandName":"Taffel","slug":"taffel-original-suolattu-mikropopcorn-90g","isAgeLimitedByAlcohol":false,"frozen":false,"packagingLabels":[],"packagingLabelCodes":[],"hierarchyPath":[{"id":"Herkku_00000349","name":"Popcornit","slug":"makeiset-ja-naposteltavat-1/sipsit-ja-muut-naposteltavat/popcornit","__typename":"HierarchyPathItem"},{"id":"Herkku_00000062","name":"Sipsit ja muut naposteltavat","slug":"makeiset-ja-naposteltavat-1/sipsit-ja-muut-naposteltavat","__typename":"HierarchyPathItem"},{"id":"Herkku_00000009","name":"Makeiset ja naposteltavat","slug":"makeiset-ja-naposteltavat-1","__typename":"HierarchyPathItem"}],"isGlobalFallback":null,"countryName":{"fi":"Tanska","__typename":"CountryName"}},{"id":"6410381095139","ean":"6410381095139","name":"Taffel voinmaku mikropopcorn 90g","price":1.25,"storeId":725782447,"__typename":"Product","approxPrice":false,"basicQuantityUnit":"KPL","comparisonPrice":13.89,"comparisonUnit":"KGM","consumerPackageSize":null,"consumerPackageUnit":null,"priceUnit":"KPL","quantityMultiplier":1,"brandName":"Taffel","slug":"taffel-voinmaku-mikropopcorn-90g","isAgeLimitedByAlcohol":false,"frozen":false,"packagingLabels":[],"packagingLabelCodes":[],"hierarchyPath":[{"id":"Herkku_00000349","name":"Popcornit","slug":"makeiset-ja-naposteltavat-1/sipsit-ja-muut-naposteltavat/popcornit","__typename":"HierarchyPathItem"},{"id":"Herkku_00000062","name":"Sipsit ja muut naposteltavat","slug":"makeiset-ja-naposteltavat-1/sipsit-ja-muut-naposteltavat","__typename":"HierarchyPathItem"},{"id":"Herkku_00000009","name":"Makeiset ja naposteltavat","slug":"makeiset-ja-naposteltavat-1","__typename":"HierarchyPathItem"}],"isGlobalFallback":null,"countryName":{"fi":"Tanska","__typename":"CountryName"}},{"id":"6410381095320","ean":"6410381095320","name":"Taffel taco dippimauste 13g","price":0.99,"storeId":725782447,"__typename":"Product","approxPrice":false,"basicQuantityUnit":"KPL","comparisonPrice":76.15,"comparisonUnit":"KGM","consumerPackageSize":null,"consumerPackageUnit":null,"priceUnit":"KPL","quantityMultiplier":1,"brandName":"Taffel","slug":"taffel-taco-dippimauste-13g","isAgeLimitedByAlcohol":false,"frozen":false,"packagingLabels":[],"packagingLabelCodes":[],"hierarchyPath":[{"id":"Herkku_00000350","name":"Muut snacksit","slug":"makeiset-ja-naposteltavat-1/sipsit-ja-muut-naposteltavat/muut-snacksit","__typename":"HierarchyPathItem"},{"id":"Herkku_00000062","name":"Sipsit ja muut naposteltavat","slug":"makeiset-ja-naposteltavat-1/sipsit-ja-muut-naposteltavat","__typename":"HierarchyPathItem"},{"id":"Herkku_00000009","name":"Makeiset ja naposteltavat","slug":"makeiset-ja-naposteltavat-1","__typename":"HierarchyPathItem"}],"isGlobalFallback":null,"countryName":{"fi":"Ruotsi","__typename":"CountryName"}},{"id":"6410381095337","ean":"6410381095337","name":"Taffel valkosipuli dippimauste 13g","price":0.99,"storeId":725782447,"__typename":"Product","approxPrice":false,"basicQuantityUnit":"KPL","comparisonPrice":76.15,"comparisonUnit":"KGM","consumerPackageSize":null,"consumerPackageUnit":null,"priceUnit":"KPL","quantityMultiplier":1,"brandName":"Taffel","slug":"taffel-valkosipuli-dippimauste-13g","isAgeLimitedByAlcohol":false,"frozen":false,"packagingLabels":[],"packagingLabelCodes":[],"hierarchyPath":[{"id":"Herkku_00000350","name":"Muut snacksit","slug":"makeiset-ja-naposteltavat-1/sipsit-ja-muut-naposteltavat/muut-snacksit","__typename":"HierarchyPathItem"},{"id":"Herkku_00000062","name":"Sipsit ja muut naposteltavat","slug":"makeiset-ja-naposteltavat-1/sipsit-ja-muut-naposteltavat","__typename":"HierarchyPathItem"},{"id":"Herkku_00000009","name":"Makeiset ja naposteltavat","slug":"makeiset-ja-naposteltavat-1","__typename":"HierarchyPathItem"}],"isGlobalFallback":null,"countryName":{"fi":"Ruotsi","__typename":"CountryName"}},{"id":"6410381095351","ean":"6410381095351","name":"Taffel broadway dippimauste 18g","price":0.99,"storeId":725782447,"__typename":"Product","approxPrice":false,"basicQuantityUnit":"KPL","comparisonPrice":55,"comparisonUnit":"KGM","consumerPackageSize":null,"consumerPackageUnit":null,"priceUnit":"KPL","quantityMultiplier":1,"brandName":"Taffel","slug":"taffel-broadway-dippimauste-18g","isAgeLimitedByAlcohol":false,"frozen":false,"packagingLabels":[],"packagingLabelCodes":[],"hierarchyPath":[{"id":"Herkku_00000350","name":"Muut snacksit","slug":"makeiset-ja-naposteltavat-1/sipsit-ja-muut-naposteltavat/muut-snacksit","__typename":"HierarchyPathItem"},{"id":"Herkku_00000062","name":"Sipsit ja muut naposteltavat","slug":"makeiset-ja-naposteltavat-1/sipsit-ja-muut-naposteltavat","__typename":"HierarchyPathItem"},{"id":"Herkku_00000009","name":"Makeiset ja naposteltavat","slug":"makeiset-ja-naposteltavat-1","__typename":"HierarchyPathItem"}],"isGlobalFallback":null,"countryName":{"fi":"Ruotsi","__typename":"CountryName"}},{"id":"6410381095368","ean":"6410381095368","name":"Taffel american dippimauste 20g","price":0.99,"storeId":725782447,"__typename":"Product","approxPrice":false,"basicQuantityUnit":"KPL","comparisonPrice":49.5,"comparisonUnit":"KGM","consumerPackageSize":null,"consumerPackageUnit":null,"priceUnit":"KPL","quantityMultiplier":1,"brandName":"Taffel","slug":"taffel-american-dippimauste-20g","isAgeLimitedByAlcohol":false,"frozen":false,"packagingLabels":[],"packagingLabelCodes":[],"hierarchyPath":[{"id":"Herkku_00000350","name":"Muut snacksit","slug":"makeiset-ja-naposteltavat-1/sipsit-ja-muut-naposteltavat/muut-snacksit","__typename":"HierarchyPathItem"},{"id":"Herkku_00000062","name":"Sipsit ja muut naposteltavat","slug":"makeiset-ja-naposteltavat-1/sipsit-ja-muut-naposteltavat","__typename":"HierarchyPathItem"},{"id":"Herkku_00000009","name":"Makeiset ja naposteltavat","slug":"makeiset-ja-naposteltavat-1","__typename":"HierarchyPathItem"}],"isGlobalFallback":null,"countryName":{"fi":"Ruotsi","__typename":"CountryName"}},{"id":"6410381095375","ean":"6410381095375","name":"Taffel ranch dippimauste 20g","price":0.99,"storeId":725782447,"__typename":"Product","approxPrice":false,"basicQuantityUnit":"KPL","comparisonPrice":49.5,"comparisonUnit":"KGM","consumerPackageSize":null,"consumerPackageUnit":null,"priceUnit":"KPL","quantityMultiplier":1,"brandName":"Taffel","slug":"taffel-ranch-dippimauste-20g","isAgeLimitedByAlcohol":false,"frozen":false,"packagingLabels":[],"packagingLabelCodes":[],"hierarchyPath":[{"id":"Herkku_00000350","name":"Muut snacksit","slug":"makeiset-ja-naposteltavat-1/sipsit-ja-muut-naposteltavat/muut-snacksit","__typename":"HierarchyPathItem"},{"id":"Herkku_00000062","name":"Sipsit ja muut naposteltavat","slug":"makeiset-ja-naposteltavat-1/sipsit-ja-muut-naposteltavat","__typename":"HierarchyPathItem"},{"id":"Herkku_00000009","name":"Makeiset ja naposteltavat","slug":"makeiset-ja-naposteltavat-1","__typename":"HierarchyPathItem"}],"isGlobalFallback":null,"countryName":{"fi":"Ruotsi","__typename":"CountryName"}},{"id":"6410381095399","ean":"6410381095399","name":"Taffel makea chili dippimauste 19g","price":0.99,"storeId":725782447,"__typename":"Product","approxPrice":false,"basicQuantityUnit":"KPL","comparisonPrice":52.11,"comparisonUnit":"KGM","consumerPackageSize":null,"consumerPackageUnit":null,"priceUnit":"KPL","quantityMultiplier":1,"brandName":"Taffel","slug":"taffel-makea-chili-dippimauste-19g","isAgeLimitedByAlcohol":false,"frozen":false,"packagingLabels":[],"packagingLabelCodes":[],"hierarchyPath":[{"id":"Herkku_00000350","name":"Muut snacksit","slug":"makeiset-ja-naposteltavat-1/sipsit-ja-muut-naposteltavat/muut-snacksit","__typename":"HierarchyPathItem"},{"id":"Herkku_00000062","name":"Sipsit ja muut naposteltavat","slug":"makeiset-ja-naposteltavat-1/sipsit-ja-muut-naposteltavat","__typename":"HierarchyPathItem"},{"id":"Herkku_00000009","name":"Makeiset ja naposteltavat","slug":"makeiset-ja-naposteltavat-1","__typename":"HierarchyPathItem"}],"isGlobalFallback":null,"countryName":{"fi":"Ruotsi","__typename":"CountryName"}},{"id":"6410381095566","ean":"6410381095566","name":"Taffel Furious dippimauste 16g","price":0.99,"storeId":725782447,"__typename":"Product","approxPrice":false,"basicQuantityUnit":"KPL","comparisonPrice":61.88,"comparisonUnit":"KGM","consumerPackageSize":null,"consumerPackageUnit":null,"priceUnit":"KPL","quantityMultiplier":1,"brandName":"Taffel","slug":"taffel-furious-dippimauste-16g","isAgeLimitedByAlcohol":false,"frozen":false,"packagingLabels":[],"packagingLabelCodes":[],"hierarchyPath":[{"id":"Herkku_00000350","name":"Muut snacksit","slug":"makeiset-ja-naposteltavat-1/sipsit-ja-muut-naposteltavat/muut-snacksit","__typename":"HierarchyPathItem"},{"id":"Herkku_00000062","name":"Sipsit ja muut naposteltavat","slug":"makeiset-ja-naposteltavat-1/sipsit-ja-muut-naposteltavat","__typename":"HierarchyPathItem"},{"id":"Herkku_00000009","name":"Makeiset ja naposteltavat","slug":"makeiset-ja-naposteltavat-1","__typename":"HierarchyPathItem"}],"isGlobalFallback":null,"countryName":{"fi":"Ruotsi","__typename":"CountryName"}},{"id":"6410500045380","ean":"6410500045380","name":"VAASAN KOULUNÄKKI Klassikko 200 g Täysjyväruisnäkkileipä","price":2.59,"storeId":725782447,"__typename":"Product","approxPrice":false,"basicQuantityUnit":"KPL","comparisonPrice":12.95,"comparisonUnit":"KGM","consumerPackageSize":null,"consumerPackageUnit":null,"priceUnit":"KPL","quantityMultiplier":1,"brandName":"Vaasan","slug":"vaasan-koulunakki-klassikko-200-g-taysjyvaruisnakkileipa","isAgeLimitedByAlcohol":false,"frozen":false,"packagingLabels":["Avainlippu"," Sydänmerkki"],"packagingLabelCodes":["FINNISH_HEART_SYMBOL"," MADE_IN_FINLAND_FLAG_WITH_KEY"],"hierarchyPath":[{"id":"Herkku_00000312","name":"Näkkileivät","slug":"leivat-keksit-ja-leivonnaiset-1/nakkileivat-ja-hapankorput/nakkileivat","__typename":"HierarchyPathItem"},{"id":"Herkku_00000052","name":"Näkkileivät ja hapankorput","slug":"leivat-keksit-ja-leivonnaiset-1/nakkileivat-ja-hapankorput","__typename":"HierarchyPathItem"},{"id":"Herkku_00000008","name":"Leivät, keksit ja leivonnaiset","slug":"leivat-keksit-ja-leivonnaiset-1","__typename":"HierarchyPathItem"}],"isGlobalFallback":null,"countryName":{"fi":"Suomi","__typename":"CountryName"}},{"id":"6410500046516","ean":"6410500046516","name":"VAASAN PIENI PYÖREÄ Monivilja 250 g moniviljanäkkileipä","price":2.65,"storeId":725782447,"__typename":"Product","approxPrice":false,"basicQuantityUnit":"KPL","comparisonPrice":10.6,"comparisonUnit":"KGM","consumerPackageSize":null,"consumerPackageUnit":null,"priceUnit":"KPL","quantityMultiplier":1,"brandName":"Vaasan","slug":"vaasan-pieni-pyorea-monivilja-250-g-moniviljanakkileipa","isAgeLimitedByAlcohol":false,"frozen":false,"packagingLabels":["Avainlippu"," Sydänmerkki"],"packagingLabelCodes":["FINNISH_HEART_SYMBOL"," MADE_IN_FINLAND_FLAG_WITH_KEY"],"hierarchyPath":[{"id":"Herkku_00000312","name":"Näkkileivät","slug":"leivat-keksit-ja-leivonnaiset-1/nakkileivat-ja-hapankorput/nakkileivat","__typename":"HierarchyPathItem"},{"id":"Herkku_00000052","name":"Näkkileivät ja hapankorput","slug":"leivat-keksit-ja-leivonnaiset-1/nakkileivat-ja-hapankorput","__typename":"HierarchyPathItem"},{"id":"Herkku_00000008","name":"Leivät, keksit ja leivonnaiset","slug":"leivat-keksit-ja-leivonnaiset-1","__typename":"HierarchyPathItem"}],"isGlobalFallback":null,"countryName":{"fi":"Suomi","__typename":"CountryName"}},{"id":"6410500061069","ean":"6410500061069","name":"Vaasan Kotiuunin Kinkkupasteija 9x50g pakaste","price":4.65,"storeId":725782447,"__typename":"Product","approxPrice":false,"basicQuantityUnit":"KPL","comparisonPrice":10.33,"comparisonUnit":"KGM","consumerPackageSize":null,"consumerPackageUnit":null,"priceUnit":"KPL","quantityMultiplier":1,"brandName":"Kotiuunin","slug":"vaasan-kotiuunin-kinkkupasteija-9x50g-pakaste","isAgeLimitedByAlcohol":false,"frozen":true,"packagingLabels":["Avainlippu"],"packagingLabelCodes":["MADE_IN_FINLAND_FLAG_WITH_KEY"],"hierarchyPath":[{"id":"1591691225974009","name":"Piirakat ja pasteijat","slug":"pakasteet-1/leivonnais-ja-leipapakasteet/piirakat-ja-pasteijat","__typename":"HierarchyPathItem"},{"id":"Herkku_00000125","name":"Leivonnais- ja leipäpakasteet","slug":"pakasteet-1/leivonnais-ja-leipapakasteet","__typename":"HierarchyPathItem"},{"id":"Herkku_00000013","name":"Pakasteet","slug":"pakasteet-1","__typename":"HierarchyPathItem"}],"isGlobalFallback":null,"countryName":{"fi":"Suomi","__typename":"CountryName"}},{"id":"6410500062028","ean":"6410500062028","name":"Vaasan Kotiuunin Lihapasteija 10x50g pakaste","price":4.65,"storeId":725782447,"__typename":"Product","approxPrice":false,"basicQuantityUnit":"KPL","comparisonPrice":9.3,"comparisonUnit":"KGM","consumerPackageSize":null,"consumerPackageUnit":null,"priceUnit":"KPL","quantityMultiplier":1,"brandName":"Kotiuunin","slug":"vaasan-kotiuunin-lihapasteija-10x50g-pakaste","isAgeLimitedByAlcohol":false,"frozen":true,"packagingLabels":["Avainlippu"],"packagingLabelCodes":["MADE_IN_FINLAND_FLAG_WITH_KEY"],"hierarchyPath":[{"id":"1591691225974009","name":"Piirakat ja pasteijat","slug":"pakasteet-1/leivonnais-ja-leipapakasteet/piirakat-ja-pasteijat","__typename":"HierarchyPathItem"},{"id":"Herkku_00000125","name":"Leivonnais- ja leipäpakasteet","slug":"pakasteet-1/leivonnais-ja-leipapakasteet","__typename":"HierarchyPathItem"},{"id":"Herkku_00000013","name":"Pakasteet","slug":"pakasteet-1","__typename":"HierarchyPathItem"}],"isGlobalFallback":null,"countryName":{"fi":"Suomi","__typename":"CountryName"}},{"id":"6410500488309","ean":"6410500488309","name":"VAASAN PIENI PYÖREÄ Ruis 250g täysjyväruisnäkkileipä","price":1.89,"storeId":725782447,"__typename":"Product","approxPrice":false,"basicQuantityUnit":"KPL","comparisonPrice":7.56,"comparisonUnit":"KGM","consumerPackageSize":null,"consumerPackageUnit":null,"priceUnit":"KPL","quantityMultiplier":1,"brandName":"Vaasan","slug":"vaasan-pieni-pyorea-ruis-250g-taysjyvaruisnakkileipa","isAgeLimitedByAlcohol":false,"frozen":false,"packagingLabels":["Avainlippu"," Sydänmerkki"],"packagingLabelCodes":["FINNISH_HEART_SYMBOL"," MADE_IN_FINLAND_FLAG_WITH_KEY"],"hierarchyPath":[{"id":"Herkku_00000312","name":"Näkkileivät","slug":"leivat-keksit-ja-leivonnaiset-1/nakkileivat-ja-hapankorput/nakkileivat","__typename":"HierarchyPathItem"},{"id":"Herkku_00000052","name":"Näkkileivät ja hapankorput","slug":"leivat-keksit-ja-leivonnaiset-1/nakkileivat-ja-hapankorput","__typename":"HierarchyPathItem"},{"id":"Herkku_00000008","name":"Leivät, keksit ja leivonnaiset","slug":"leivat-keksit-ja-leivonnaiset-1","__typename":"HierarchyPathItem"}],"isGlobalFallback":null,"countryName":{"fi":"Suomi","__typename":"CountryName"}},{"id":"6410530032206","ean":"6410530032206","name":"Vitabalans sinkki Zn 90 tabl., mansikan ja vadelman makuinen purutabletti","price":6.15,"storeId":725782447,"__typename":"Product","approxPrice":false,"basicQuantityUnit":"KPL","comparisonPrice":0.07,"comparisonUnit":"PCE","consumerPackageSize":null,"consumerPackageUnit":null,"priceUnit":"KPL","quantityMultiplier":1,"brandName":"Vitabalans","slug":"vitabalans-sinkki-zn-90-tabl-mansikan-ja-vadelman-makuinen-purutabletti","isAgeLimitedByAlcohol":false,"frozen":false,"packagingLabels":["Avainlippu"],"packagingLabelCodes":["MADE_IN_FINLAND_FLAG_WITH_KEY"],"hierarchyPath":[{"id":"Herkku_00001052","name":"Sinkkivalmisteet","slug":"luontaistuotteet-ja-lisaravinteet-1/mineraalivalmisteet/sinkkivalmisteet","__typename":"HierarchyPathItem"},{"id":"Herkku_00000178","name":"Mineraalivalmisteet","slug":"luontaistuotteet-ja-lisaravinteet-1/mineraalivalmisteet","__typename":"HierarchyPathItem"},{"id":"Herkku_00000016","name":"Luontaistuotteet ja lisäravinteet","slug":"luontaistuotteet-ja-lisaravinteet-1","__typename":"HierarchyPathItem"}],"isGlobalFallback":null,"countryName":{"fi":"Suomi","__typename":"CountryName"}},{"id":"6410601348106","ean":"6410601348106","name":"Jalostaja Lihapullakastike 400g","price":3.49,"storeId":725782447,"__typename":"Product","approxPrice":false,"basicQuantityUnit":"KPL","comparisonPrice":8.73,"comparisonUnit":"KGM","consumerPackageSize":null,"consumerPackageUnit":null,"priceUnit":"KPL","quantityMultiplier":1,"brandName":"Jalostaja","slug":"jalostaja-lihapullakastike-400g","isAgeLimitedByAlcohol":false,"frozen":false,"packagingLabels":["Avainlippu"],"packagingLabelCodes":["MADE_IN_FINLAND_FLAG_WITH_KEY"],"hierarchyPath":[{"id":"Herkku_00000358","name":"Lihasäilykkeet","slug":"kuivatuotteet-ja-leivonta-1/sailykkeet/lihasailykkeet","__typename":"HierarchyPathItem"},{"id":"Herkku_00000063","name":"Säilykkeet","slug":"kuivatuotteet-ja-leivonta-1/sailykkeet","__typename":"HierarchyPathItem"},{"id":"Herkku_00000007","name":"Kuivatuotteet ja leivonta","slug":"kuivatuotteet-ja-leivonta-1","__typename":"HierarchyPathItem"}],"isGlobalFallback":null,"countryName":{"fi":"Suomi","__typename":"CountryName"}},{"id":"6410620000528","ean":"6410620000528","name":"GRAHAM -sämpylät  2kpl","price":1.69,"storeId":725782447,"__typename":"Product","approxPrice":false,"basicQuantityUnit":"KPL","comparisonPrice":14.08,"comparisonUnit":"KGM","consumerPackageSize":null,"consumerPackageUnit":null,"priceUnit":"KPL","quantityMultiplier":1,"brandName":"Jussinhannan Leipä","slug":"graham-sampylat-2kpl","isAgeLimitedByAlcohol":false,"frozen":false,"packagingLabels":[],"packagingLabelCodes":[],"hierarchyPath":[{"id":"1591691250986233","name":"Sämpylät","slug":"leivat-keksit-ja-leivonnaiset-1/leivat/sampylat","__typename":"HierarchyPathItem"},{"id":"StructureGroup_1796559627347513","name":"Leivät","slug":"leivat-keksit-ja-leivonnaiset-1/leivat","__typename":"HierarchyPathItem"},{"id":"Herkku_00000008","name":"Leivät, keksit ja leivonnaiset","slug":"leivat-keksit-ja-leivonnaiset-1","__typename":"HierarchyPathItem"}],"isGlobalFallback":null,"countryName":{"fi":"Suomi","__typename":"CountryName"}},{"id":"6410620000900","ean":"6410620000900","name":"KORVAPUUSTI  4 KPL","price":3.99,"storeId":725782447,"__typename":"Product","approxPrice":false,"basicQuantityUnit":"KPL","comparisonPrice":9.07,"comparisonUnit":"KGM","consumerPackageSize":null,"consumerPackageUnit":null,"priceUnit":"KPL","quantityMultiplier":1,"brandName":"Jussinhannan Leipä","slug":"korvapuusti-4-kpl","isAgeLimitedByAlcohol":false,"frozen":false,"packagingLabels":[],"packagingLabelCodes":[],"hierarchyPath":[{"id":"Herkku_00000944","name":"Pullat","slug":"leivat-keksit-ja-leivonnaiset-1/leivonnaiset/pullat","__typename":"HierarchyPathItem"},{"id":"Herkku_00000152","name":"Leivonnaiset","slug":"leivat-keksit-ja-leivonnaiset-1/leivonnaiset","__typename":"HierarchyPathItem"},{"id":"Herkku_00000008","name":"Leivät, keksit ja leivonnaiset","slug":"leivat-keksit-ja-leivonnaiset-1","__typename":"HierarchyPathItem"}],"isGlobalFallback":null,"countryName":null},{"id":"6410803642019","ean":"6410803642019","name":"Fazer Marianne piparminttusuklaa karkkipussi 220g","price":3.29,"storeId":725782447,"__typename":"Product","approxPrice":false,"basicQuantityUnit":"KPL","comparisonPrice":14.95,"comparisonUnit":"KGM","consumerPackageSize":null,"consumerPackageUnit":null,"priceUnit":"KPL","quantityMultiplier":1,"brandName":"Fazer","slug":"fazer-marianne-piparminttusuklaa-karkkipussi-220g","isAgeLimitedByAlcohol":false,"frozen":false,"packagingLabels":["Avainlippu"," Green Dot"],"packagingLabelCodes":["GREEN_DOT"," MADE_IN_FINLAND_FLAG_WITH_KEY"],"hierarchyPath":[{"id":"Herkku_00000326","name":"Suklaa","slug":"makeiset-ja-naposteltavat-1/karkkipussit/suklaa","__typename":"HierarchyPathItem"},{"id":"Herkku_00000055","name":"Karkkipussit","slug":"makeiset-ja-naposteltavat-1/karkkipussit","__typename":"HierarchyPathItem"},{"id":"Herkku_00000009","name":"Makeiset ja naposteltavat","slug":"makeiset-ja-naposteltavat-1","__typename":"HierarchyPathItem"}],"isGlobalFallback":null,"countryName":{"fi":"Suomi","__typename":"CountryName"}},{"id":"6410840055339","ean":"6410840055339","name":"Herkkumaa Kurkkusalaatti 700g","price":3.79,"storeId":725782447,"__typename":"Product","approxPrice":false,"basicQuantityUnit":"KPL","comparisonPrice":5.41,"comparisonUnit":"KGM","consumerPackageSize":null,"consumerPackageUnit":null,"priceUnit":"KPL","quantityMultiplier":1,"brandName":"Herkkumaa","slug":"herkkumaa-kurkkusalaatti-700g","isAgeLimitedByAlcohol":false,"frozen":false,"packagingLabels":["Avainlippu"],"packagingLabelCodes":["MADE_IN_FINLAND_FLAG_WITH_KEY"],"hierarchyPath":[{"id":"Herkku_00000357","name":"Kasvissäilykkeet","slug":"kuivatuotteet-ja-leivonta-1/sailykkeet/kasvissailykkeet","__typename":"HierarchyPathItem"},{"id":"Herkku_00000063","name":"Säilykkeet","slug":"kuivatuotteet-ja-leivonta-1/sailykkeet","__typename":"HierarchyPathItem"},{"id":"Herkku_00000007","name":"Kuivatuotteet ja leivonta","slug":"kuivatuotteet-ja-leivonta-1","__typename":"HierarchyPathItem"}],"isGlobalFallback":null,"countryName":{"fi":"Suomi","__typename":"CountryName"}},{"id":"6410840055599","ean":"6410840055599","name":"Herkkumaa Voileipäkurkku 670/360g","price":3.55,"storeId":725782447,"__typename":"Product","approxPrice":false,"basicQuantityUnit":"KPL","comparisonPrice":9.86,"comparisonUnit":"KGM","consumerPackageSize":null,"consumerPackageUnit":null,"priceUnit":"KPL","quantityMultiplier":1,"brandName":"Herkkumaa","slug":"herkkumaa-voileipakurkku-670360g","isAgeLimitedByAlcohol":false,"frozen":false,"packagingLabels":[],"packagingLabelCodes":[],"hierarchyPath":[{"id":"Herkku_00000357","name":"Kasvissäilykkeet","slug":"kuivatuotteet-ja-leivonta-1/sailykkeet/kasvissailykkeet","__typename":"HierarchyPathItem"},{"id":"Herkku_00000063","name":"Säilykkeet","slug":"kuivatuotteet-ja-leivonta-1/sailykkeet","__typename":"HierarchyPathItem"},{"id":"Herkku_00000007","name":"Kuivatuotteet ja leivonta","slug":"kuivatuotteet-ja-leivonta-1","__typename":"HierarchyPathItem"}],"isGlobalFallback":null,"countryName":{"fi":"Saksa","__typename":"CountryName"}},{"id":"6411000482002","ean":"6411000482002","name":"Pepsodent Xylitol Hammastahna Ksylitolia sisältävä fluorihammastahna koko perheelle 50 ml","price":1.5,"storeId":725782447,"__typename":"Product","approxPrice":false,"basicQuantityUnit":"KPL","comparisonPrice":30,"comparisonUnit":"LTR","consumerPackageSize":null,"consumerPackageUnit":null,"priceUnit":"KPL","quantityMultiplier":1,"brandName":"Pepsodent","slug":"pepsodent-xylitol-hammastahna-ksylitolia-sisaltava-fluorihammastahna-koko-perheelle-50-ml","isAgeLimitedByAlcohol":false,"frozen":false,"packagingLabels":[],"packagingLabelCodes":[],"hierarchyPath":[{"id":"1591691233571227","name":"Hammastahnat","slug":"kosmetiikka-ja-hygienia/suunhoito/hammastahnat","__typename":"HierarchyPathItem"},{"id":"1591691233571225","name":"Suunhoito","slug":"kosmetiikka-ja-hygienia/suunhoito","__typename":"HierarchyPathItem"},{"id":"1591691233334707","name":"Kosmetiikka ja hygienia","slug":"kosmetiikka-ja-hygienia","__typename":"HierarchyPathItem"}],"isGlobalFallback":null,"countryName":{"fi":"Italia","__typename":"CountryName"}},{"id":"6411200100010","ean":"6411200100010","name":"Elovena 350g täysjyväkauramuro","price":4.29,"storeId":725782447,"__typename":"Product","approxPrice":false,"basicQuantityUnit":"KPL","comparisonPrice":12.26,"comparisonUnit":"KGM","consumerPackageSize":null,"consumerPackageUnit":null,"priceUnit":"KPL","quantityMultiplier":1,"brandName":"Elovena","slug":"elovena-350g-taysjyvakauramuro","isAgeLimitedByAlcohol":false,"frozen":false,"packagingLabels":["Sydänmerkki"],"packagingLabelCodes":["FINNISH_HEART_SYMBOL"],"hierarchyPath":[{"id":"Herkku_00000316","name":"Murot","slug":"kuivatuotteet-ja-leivonta-1/hiutaleet-murot-ja-myslit/murot","__typename":"HierarchyPathItem"},{"id":"Herkku_00000053","name":"Hiutaleet, murot ja myslit","slug":"kuivatuotteet-ja-leivonta-1/hiutaleet-murot-ja-myslit","__typename":"HierarchyPathItem"},{"id":"Herkku_00000007","name":"Kuivatuotteet ja leivonta","slug":"kuivatuotteet-ja-leivonta-1","__typename":"HierarchyPathItem"}],"isGlobalFallback":null,"countryName":{"fi":"Saksa","__typename":"CountryName"}},{"id":"6411200100256","ean":"6411200100256","name":"Torino 500g täysjyvä cappellipasta","price":2.25,"storeId":725782447,"__typename":"Product","approxPrice":false,"basicQuantityUnit":"KPL","comparisonPrice":4.5,"comparisonUnit":"KGM","consumerPackageSize":null,"consumerPackageUnit":null,"priceUnit":"KPL","quantityMultiplier":1,"brandName":"Torino","slug":"torino-500g-taysjyva-cappellipasta","isAgeLimitedByAlcohol":false,"frozen":false,"packagingLabels":["Avainlippu"," Sydänmerkki"],"packagingLabelCodes":["FINNISH_HEART_SYMBOL"," MADE_IN_FINLAND_FLAG_WITH_KEY"],"hierarchyPath":[{"id":"Herkku_00000493","name":"Kuviopastat","slug":"kuivatuotteet-ja-leivonta-1/riisit-pastat-ja-nuudelit/kuviopastat","__typename":"HierarchyPathItem"},{"id":"Herkku_00000088","name":"Riisit, pastat ja nuudelit","slug":"kuivatuotteet-ja-leivonta-1/riisit-pastat-ja-nuudelit","__typename":"HierarchyPathItem"},{"id":"Herkku_00000007","name":"Kuivatuotteet ja leivonta","slug":"kuivatuotteet-ja-leivonta-1","__typename":"HierarchyPathItem"}],"isGlobalFallback":null,"countryName":{"fi":"Suomi","__typename":"CountryName"}},{"id":"6411200102663","ean":"6411200102663","name":"Torino 750g täysjyvämakaroni","price":2.35,"storeId":725782447,"__typename":"Product","approxPrice":false,"basicQuantityUnit":"KPL","comparisonPrice":3.13,"comparisonUnit":"KGM","consumerPackageSize":null,"consumerPackageUnit":null,"priceUnit":"KPL","quantityMultiplier":1,"brandName":"Torino","slug":"torino-750g-taysjyvamakaroni","isAgeLimitedByAlcohol":false,"frozen":false,"packagingLabels":["Avainlippu"," Sydänmerkki"],"packagingLabelCodes":["FINNISH_HEART_SYMBOL"," MADE_IN_FINLAND_FLAG_WITH_KEY"],"hierarchyPath":[{"id":"Herkku_00000494","name":"Makaronit","slug":"kuivatuotteet-ja-leivonta-1/riisit-pastat-ja-nuudelit/makaronit","__typename":"HierarchyPathItem"},{"id":"Herkku_00000088","name":"Riisit, pastat ja nuudelit","slug":"kuivatuotteet-ja-leivonta-1/riisit-pastat-ja-nuudelit","__typename":"HierarchyPathItem"},{"id":"Herkku_00000007","name":"Kuivatuotteet ja leivonta","slug":"kuivatuotteet-ja-leivonta-1","__typename":"HierarchyPathItem"}],"isGlobalFallback":null,"countryName":{"fi":"Suomi","__typename":"CountryName"}},{"id":"6411200102779","ean":"6411200102779","name":"Elovena 2,5dl aurinkoinen välipalakaurajuoma","price":1.95,"storeId":725782447,"__typename":"Product","approxPrice":false,"basicQuantityUnit":"KPL","comparisonPrice":7.8,"comparisonUnit":"LTR","consumerPackageSize":null,"consumerPackageUnit":null,"priceUnit":"KPL","quantityMultiplier":1,"brandName":"Elovena","slug":"elovena-2-5dl-aurinkoinen-valipalakaurajuoma","isAgeLimitedByAlcohol":false,"frozen":false,"packagingLabels":["Avainlippu"," FSC mix (Forest Stewardship Council)"],"packagingLabelCodes":["FOREST_STEWARDSHIP_COUNCIL_MIX"," MADE_IN_FINLAND_FLAG_WITH_KEY"],"hierarchyPath":[{"id":"Herkku_00000637","name":"Juotavat jogurtit","slug":"maito-munat-ja-rasvat-0/jogurtit/juotavat-jogurtit","__typename":"HierarchyPathItem"},{"id":"Herkku_00000118","name":"Jogurtit","slug":"maito-munat-ja-rasvat-0/jogurtit","__typename":"HierarchyPathItem"},{"id":"Herkku_00000006","name":"Maito, munat ja rasvat","slug":"maito-munat-ja-rasvat-0","__typename":"HierarchyPathItem"}],"isGlobalFallback":null,"countryName":{"fi":"Suomi","__typename":"CountryName"}},{"id":"6411200103172","ean":"6411200103172","name":"Nalle 500g pikakaurahiutaleita","price":1.79,"storeId":725782447,"__typename":"Product","approxPrice":false,"basicQuantityUnit":"KPL","comparisonPrice":3.58,"comparisonUnit":"KGM","consumerPackageSize":null,"consumerPackageUnit":null,"priceUnit":"KPL","quantityMultiplier":1,"brandName":"Nalle","slug":"nalle-500g-pikakaurahiutaleita","isAgeLimitedByAlcohol":false,"frozen":false,"packagingLabels":["Hyvää Suomesta (Sininen Joutsen)"," Sydänmerkki"],"packagingLabelCodes":["FINNISH_HEART_SYMBOL"," GOODS_FROM_FINLAND_BLUE_SWAN"],"hierarchyPath":[{"id":"Herkku_00000498","name":"Muut hiutaleet","slug":"kuivatuotteet-ja-leivonta-1/hiutaleet-murot-ja-myslit/muut-hiutaleet","__typename":"HierarchyPathItem"},{"id":"Herkku_00000053","name":"Hiutaleet, murot ja myslit","slug":"kuivatuotteet-ja-leivonta-1/hiutaleet-murot-ja-myslit","__typename":"HierarchyPathItem"},{"id":"Herkku_00000007","name":"Kuivatuotteet ja leivonta","slug":"kuivatuotteet-ja-leivonta-1","__typename":"HierarchyPathItem"}],"isGlobalFallback":null,"countryName":{"fi":"Suomi","__typename":"CountryName"}},{"id":"6411200103257","ean":"6411200103257","name":"Elovena 700g täysjyväkaurahiutaleita ja kauraleseitä","price":4.29,"storeId":725782447,"__typename":"Product","approxPrice":false,"basicQuantityUnit":"KPL","comparisonPrice":6.13,"comparisonUnit":"KGM","consumerPackageSize":null,"consumerPackageUnit":null,"priceUnit":"KPL","quantityMultiplier":1,"brandName":"Elovena","slug":"elovena-700g-taysjyvakaurahiutaleita-ja-kauraleseita","isAgeLimitedByAlcohol":false,"frozen":false,"packagingLabels":["Hyvää Suomesta (Sininen Joutsen)"," PEFC certified"," Sydänmerkki"],"packagingLabelCodes":["FINNISH_HEART_SYMBOL"," GOODS_FROM_FINLAND_BLUE_SWAN"," PEFC_CERTIFIED"],"hierarchyPath":[{"id":"Herkku_00000501","name":"Kaurahiutaleet","slug":"kuivatuotteet-ja-leivonta-1/hiutaleet-murot-ja-myslit/kaurahiutaleet","__typename":"HierarchyPathItem"},{"id":"Herkku_00000053","name":"Hiutaleet, murot ja myslit","slug":"kuivatuotteet-ja-leivonta-1/hiutaleet-murot-ja-myslit","__typename":"HierarchyPathItem"},{"id":"Herkku_00000007","name":"Kuivatuotteet ja leivonta","slug":"kuivatuotteet-ja-leivonta-1","__typename":"HierarchyPathItem"}],"isGlobalFallback":null,"countryName":{"fi":"Suomi","__typename":"CountryName"}},{"id":"6411200107415","ean":"6411200107415","name":"Elovena 900g luomu täysjyväkaurahiutale","price":3.89,"storeId":725782447,"__typename":"Product","approxPrice":false,"basicQuantityUnit":"KPL","comparisonPrice":4.32,"comparisonUnit":"KGM","consumerPackageSize":null,"consumerPackageUnit":null,"priceUnit":"KPL","quantityMultiplier":1,"brandName":"Elovena","slug":"elovena-900g-luomu-taysjyvakaurahiutale","isAgeLimitedByAlcohol":false,"frozen":false,"packagingLabels":["EU:n luomutunnus (lehti)"," Hyvää Suomesta (Sininen Joutsen)"," PEFC certified"," Sydänmerkki"],"packagingLabelCodes":["EU_ORGANIC_FARMING"," FINNISH_HEART_SYMBOL"," GOODS_FROM_FINLAND_BLUE_SWAN"," PEFC_CERTIFIED"],"hierarchyPath":[{"id":"Herkku_00000501","name":"Kaurahiutaleet","slug":"kuivatuotteet-ja-leivonta-1/hiutaleet-murot-ja-myslit/kaurahiutaleet","__typename":"HierarchyPathItem"},{"id":"Herkku_00000053","name":"Hiutaleet, murot ja myslit","slug":"kuivatuotteet-ja-leivonta-1/hiutaleet-murot-ja-myslit","__typename":"HierarchyPathItem"},{"id":"Herkku_00000007","name":"Kuivatuotteet ja leivonta","slug":"kuivatuotteet-ja-leivonta-1","__typename":"HierarchyPathItem"}],"isGlobalFallback":null,"countryName":{"fi":"Suomi","__typename":"CountryName"}},{"id":"6411200107446","ean":"6411200107446","name":"Elovena 400g gluteenittomat kaura-porkkanasämpylät, pakaste","price":3.69,"storeId":725782447,"__typename":"Product","approxPrice":false,"basicQuantityUnit":"KPL","comparisonPrice":9.23,"comparisonUnit":"KGM","consumerPackageSize":null,"consumerPackageUnit":null,"priceUnit":"KPL","quantityMultiplier":1,"brandName":"Elovena","slug":"elovena-400g-gluteenittomat-kaura-porkkanasampylat-pakaste","isAgeLimitedByAlcohol":false,"frozen":true,"packagingLabels":["Gluteeniton elintarvike (yliviivattu tähkä)"," Hyvää Suomesta (Sininen Joutsen)"],"packagingLabelCodes":["CROSSED_GRAIN_SYMBOL"," GOODS_FROM_FINLAND_BLUE_SWAN"],"hierarchyPath":[{"id":"1591691225974006","name":"Leivät ja patongit","slug":"pakasteet-1/leivonnais-ja-leipapakasteet/leivat-ja-patongit","__typename":"HierarchyPathItem"},{"id":"Herkku_00000125","name":"Leivonnais- ja leipäpakasteet","slug":"pakasteet-1/leivonnais-ja-leipapakasteet","__typename":"HierarchyPathItem"},{"id":"Herkku_00000013","name":"Pakasteet","slug":"pakasteet-1","__typename":"HierarchyPathItem"}],"isGlobalFallback":null,"countryName":{"fi":"Suomi","__typename":"CountryName"}},{"id":"6411200108429","ean":"6411200108429","name":"Elovena 210g valkosuklaa-mansikka annospikapuuro","price":2.79,"storeId":725782447,"__typename":"Product","approxPrice":false,"basicQuantityUnit":"KPL","comparisonPrice":13.29,"comparisonUnit":"KGM","consumerPackageSize":null,"consumerPackageUnit":null,"priceUnit":"KPL","quantityMultiplier":1,"brandName":"Elovena","slug":"elovena-210g-valkosuklaa-mansikka-annospikapuuro","isAgeLimitedByAlcohol":false,"frozen":false,"packagingLabels":["Hyvää Suomesta (Sininen Joutsen)"," PEFC certified"," Rainforest alliance certified (Sammakko-merkki)"," Sydänmerkki"],"packagingLabelCodes":["FINNISH_HEART_SYMBOL"," GOODS_FROM_FINLAND_BLUE_SWAN"," PEFC_CERTIFIED"," RAINFOREST_ALLIANCE"],"hierarchyPath":[{"id":"Herkku_00000498","name":"Muut hiutaleet","slug":"kuivatuotteet-ja-leivonta-1/hiutaleet-murot-ja-myslit/muut-hiutaleet","__typename":"HierarchyPathItem"},{"id":"Herkku_00000053","name":"Hiutaleet, murot ja myslit","slug":"kuivatuotteet-ja-leivonta-1/hiutaleet-murot-ja-myslit","__typename":"HierarchyPathItem"},{"id":"Herkku_00000007","name":"Kuivatuotteet ja leivonta","slug":"kuivatuotteet-ja-leivonta-1","__typename":"HierarchyPathItem"}],"isGlobalFallback":null,"countryName":{"fi":"Suomi","__typename":"CountryName"}},{"id":"6411200108894","ean":"6411200108894","name":"Torino 500g tumma kierrepasta","price":2.15,"storeId":725782447,"__typename":"Product","approxPrice":false,"basicQuantityUnit":"KPL","comparisonPrice":4.3,"comparisonUnit":"KGM","consumerPackageSize":null,"consumerPackageUnit":null,"priceUnit":"KPL","quantityMultiplier":1,"brandName":"Torino","slug":"torino-500g-tumma-kierrepasta","isAgeLimitedByAlcohol":false,"frozen":false,"packagingLabels":["Avainlippu"," Sydänmerkki"],"packagingLabelCodes":["FINNISH_HEART_SYMBOL"," MADE_IN_FINLAND_FLAG_WITH_KEY"],"hierarchyPath":[{"id":"Herkku_00000493","name":"Kuviopastat","slug":"kuivatuotteet-ja-leivonta-1/riisit-pastat-ja-nuudelit/kuviopastat","__typename":"HierarchyPathItem"},{"id":"Herkku_00000088","name":"Riisit, pastat ja nuudelit","slug":"kuivatuotteet-ja-leivonta-1/riisit-pastat-ja-nuudelit","__typename":"HierarchyPathItem"},{"id":"Herkku_00000007","name":"Kuivatuotteet ja leivonta","slug":"kuivatuotteet-ja-leivonta-1","__typename":"HierarchyPathItem"}],"isGlobalFallback":null,"countryName":{"fi":"Suomi","__typename":"CountryName"}},{"id":"6411200108924","ean":"6411200108924","name":"Benecol 225g kasvirasvalevite kevyt 35% kolesterolia alentava","price":3.79,"storeId":725782447,"__typename":"Product","approxPrice":false,"basicQuantityUnit":"KPL","comparisonPrice":16.84,"comparisonUnit":"KGM","consumerPackageSize":null,"consumerPackageUnit":null,"priceUnit":"KPL","quantityMultiplier":1,"brandName":"Benecol","slug":"benecol-225g-kasvirasvalevite-kevyt-35-kolesterolia-alentava","isAgeLimitedByAlcohol":false,"frozen":false,"packagingLabels":["Sydänmerkki"],"packagingLabelCodes":["FINNISH_HEART_SYMBOL"],"hierarchyPath":[{"id":"Herkku_00000302","name":"Terveysvaikutteiset rasiamargariinit","slug":"maito-munat-ja-rasvat-0/rasvat/terveysvaikutteiset-rasiamargariinit","__typename":"HierarchyPathItem"},{"id":"Herkku_00000049","name":"Rasvat","slug":"maito-munat-ja-rasvat-0/rasvat","__typename":"HierarchyPathItem"},{"id":"Herkku_00000006","name":"Maito, munat ja rasvat","slug":"maito-munat-ja-rasvat-0","__typename":"HierarchyPathItem"}],"isGlobalFallback":null,"countryName":{"fi":"Belgia","__typename":"CountryName"}},{"id":"6411200109136","ean":"6411200109136","name":"Elovena 200g gluteeniton maustamaton annospikapuuro","price":3.45,"storeId":725782447,"__typename":"Product","approxPrice":false,"basicQuantityUnit":"KPL","comparisonPrice":17.25,"comparisonUnit":"KGM","consumerPackageSize":null,"consumerPackageUnit":null,"priceUnit":"KPL","quantityMultiplier":1,"brandName":"Elovena","slug":"elovena-200g-gluteeniton-maustamaton-annospikapuuro","isAgeLimitedByAlcohol":false,"frozen":false,"packagingLabels":["Gluteeniton elintarvike (yliviivattu tähkä)"," Hyvää Suomesta (Sininen Joutsen)"," PEFC certified"," Sydänmerkki"],"packagingLabelCodes":["CROSSED_GRAIN_SYMBOL"," FINNISH_HEART_SYMBOL"," GOODS_FROM_FINLAND_BLUE_SWAN"," PEFC_CERTIFIED"],"hierarchyPath":[{"id":"Herkku_00000498","name":"Muut hiutaleet","slug":"kuivatuotteet-ja-leivonta-1/hiutaleet-murot-ja-myslit/muut-hiutaleet","__typename":"HierarchyPathItem"},{"id":"Herkku_00000053","name":"Hiutaleet, murot ja myslit","slug":"kuivatuotteet-ja-leivonta-1/hiutaleet-murot-ja-myslit","__typename":"HierarchyPathItem"},{"id":"Herkku_00000007","name":"Kuivatuotteet ja leivonta","slug":"kuivatuotteet-ja-leivonta-1","__typename":"HierarchyPathItem"}],"isGlobalFallback":null,"countryName":{"fi":"Suomi","__typename":"CountryName"}},{"id":"6411200109549","ean":"6411200109549","name":"Elovena 210g tumma suklaa-vadelma annospikapuuro","price":2.79,"storeId":725782447,"__typename":"Product","approxPrice":false,"basicQuantityUnit":"KPL","comparisonPrice":13.29,"comparisonUnit":"KGM","consumerPackageSize":null,"consumerPackageUnit":null,"priceUnit":"KPL","quantityMultiplier":1,"brandName":"Elovena","slug":"elovena-210g-tumma-suklaa-vadelma-annospikapuuro","isAgeLimitedByAlcohol":false,"frozen":false,"packagingLabels":["Hyvää Suomesta (Sininen Joutsen)"," PEFC certified"," Rainforest alliance certified (Sammakko-merkki)"," Sydänmerkki"],"packagingLabelCodes":["FINNISH_HEART_SYMBOL"," GOODS_FROM_FINLAND_BLUE_SWAN"," PEFC_CERTIFIED"," RAINFOREST_ALLIANCE"],"hierarchyPath":[{"id":"Herkku_00000498","name":"Muut hiutaleet","slug":"kuivatuotteet-ja-leivonta-1/hiutaleet-murot-ja-myslit/muut-hiutaleet","__typename":"HierarchyPathItem"},{"id":"Herkku_00000053","name":"Hiutaleet, murot ja myslit","slug":"kuivatuotteet-ja-leivonta-1/hiutaleet-murot-ja-myslit","__typename":"HierarchyPathItem"},{"id":"Herkku_00000007","name":"Kuivatuotteet ja leivonta","slug":"kuivatuotteet-ja-leivonta-1","__typename":"HierarchyPathItem"}],"isGlobalFallback":null,"countryName":{"fi":"Suomi","__typename":"CountryName"}},{"id":"6411200110613","ean":"6411200110613","name":"Elovena 240g korvapuustinmakuinen annospikapuuro","price":2.79,"storeId":725782447,"__typename":"Product","approxPrice":false,"basicQuantityUnit":"KPL","comparisonPrice":11.63,"comparisonUnit":"KGM","consumerPackageSize":null,"consumerPackageUnit":null,"priceUnit":"KPL","quantityMultiplier":1,"brandName":"Elovena","slug":"elovena-240g-korvapuustinmakuinen-annospikapuuro","isAgeLimitedByAlcohol":false,"frozen":false,"packagingLabels":["Hyvää Suomesta (Sininen Joutsen)"," PEFC certified"," Sydänmerkki"],"packagingLabelCodes":["FINNISH_HEART_SYMBOL"," GOODS_FROM_FINLAND_BLUE_SWAN"," PEFC_CERTIFIED"],"hierarchyPath":[{"id":"Herkku_00000498","name":"Muut hiutaleet","slug":"kuivatuotteet-ja-leivonta-1/hiutaleet-murot-ja-myslit/muut-hiutaleet","__typename":"HierarchyPathItem"},{"id":"Herkku_00000053","name":"Hiutaleet, murot ja myslit","slug":"kuivatuotteet-ja-leivonta-1/hiutaleet-murot-ja-myslit","__typename":"HierarchyPathItem"},{"id":"Herkku_00000007","name":"Kuivatuotteet ja leivonta","slug":"kuivatuotteet-ja-leivonta-1","__typename":"HierarchyPathItem"}],"isGlobalFallback":null,"countryName":{"fi":"Suomi","__typename":"CountryName"}},{"id":"6411200111634","ean":"6411200111634","name":"Benecol 6x100g jogurttijuoma mansikka laktoositon kolesterolia alentava","price":5.35,"storeId":725782447,"__typename":"Product","approxPrice":false,"basicQuantityUnit":"KPL","comparisonPrice":8.92,"comparisonUnit":"LTR","consumerPackageSize":null,"consumerPackageUnit":null,"priceUnit":"KPL","quantityMultiplier":1,"brandName":"Benecol","slug":"benecol-6x100g-jogurttijuoma-mansikka-laktoositon-kolesterolia-alentava","isAgeLimitedByAlcohol":false,"frozen":false,"packagingLabels":["Sydänmerkki"],"packagingLabelCodes":["FINNISH_HEART_SYMBOL"],"hierarchyPath":[{"id":"1591691235643823","name":"Terveysvaikutteiset jogurtit","slug":"maito-munat-ja-rasvat-0/jogurtit/terveysvaikutteiset-jogurtit","__typename":"HierarchyPathItem"},{"id":"Herkku_00000118","name":"Jogurtit","slug":"maito-munat-ja-rasvat-0/jogurtit","__typename":"HierarchyPathItem"},{"id":"Herkku_00000006","name":"Maito, munat ja rasvat","slug":"maito-munat-ja-rasvat-0","__typename":"HierarchyPathItem"}],"isGlobalFallback":null,"countryName":{"fi":"Itävalta","__typename":"CountryName"}},{"id":"6411200111641","ean":"6411200111641","name":"Benecol 6x100g jogurttijuoma mustikka laktoositon kolesterolia alentava","price":5.35,"storeId":725782447,"__typename":"Product","approxPrice":false,"basicQuantityUnit":"KPL","comparisonPrice":8.92,"comparisonUnit":"LTR","consumerPackageSize":null,"consumerPackageUnit":null,"priceUnit":"KPL","quantityMultiplier":1,"brandName":"Benecol","slug":"benecol-6x100g-jogurttijuoma-mustikka-laktoositon-kolesterolia-alentava","isAgeLimitedByAlcohol":false,"frozen":false,"packagingLabels":["Sydänmerkki"],"packagingLabelCodes":["FINNISH_HEART_SYMBOL"],"hierarchyPath":[{"id":"1591691235643823","name":"Terveysvaikutteiset jogurtit","slug":"maito-munat-ja-rasvat-0/jogurtit/terveysvaikutteiset-jogurtit","__typename":"HierarchyPathItem"},{"id":"Herkku_00000118","name":"Jogurtit","slug":"maito-munat-ja-rasvat-0/jogurtit","__typename":"HierarchyPathItem"},{"id":"Herkku_00000006","name":"Maito, munat ja rasvat","slug":"maito-munat-ja-rasvat-0","__typename":"HierarchyPathItem"}],"isGlobalFallback":null,"countryName":{"fi":"Itävalta","__typename":"CountryName"}},{"id":"6411200112747","ean":"6411200112747","name":"Elovena 1l kaurajuoma kahviin","price":2.39,"storeId":725782447,"__typename":"Product","approxPrice":false,"basicQuantityUnit":"KPL","comparisonPrice":2.39,"comparisonUnit":"LTR","consumerPackageSize":null,"consumerPackageUnit":null,"priceUnit":"KPL","quantityMultiplier":1,"brandName":"Elovena","slug":"elovena-1l-kaurajuoma-kahviin","isAgeLimitedByAlcohol":false,"frozen":false,"packagingLabels":["FSC mix (Forest Stewardship Council)"," Hyvää Suomesta (Sininen Joutsen)"],"packagingLabelCodes":["FOREST_STEWARDSHIP_COUNCIL_MIX"," GOODS_FROM_FINLAND_BLUE_SWAN"],"hierarchyPath":[{"id":"Herkku_00000683","name":"Kaurajuomat","slug":"maito-munat-ja-rasvat-0/kasvipohjaiset-maitojuomat/kaurajuomat","__typename":"HierarchyPathItem"},{"id":"Herkku_00000123","name":"Kasvipohjaiset maitojuomat","slug":"maito-munat-ja-rasvat-0/kasvipohjaiset-maitojuomat","__typename":"HierarchyPathItem"},{"id":"Herkku_00000006","name":"Maito, munat ja rasvat","slug":"maito-munat-ja-rasvat-0","__typename":"HierarchyPathItem"}],"isGlobalFallback":null,"countryName":{"fi":"Suomi","__typename":"CountryName"}},{"id":"6411200113300","ean":"6411200113300","name":"Elovena 175g vireys ananas-papaija annospikapuuro","price":2.79,"storeId":725782447,"__typename":"Product","approxPrice":false,"basicQuantityUnit":"KPL","comparisonPrice":15.94,"comparisonUnit":"KGM","consumerPackageSize":null,"consumerPackageUnit":null,"priceUnit":"KPL","quantityMultiplier":1,"brandName":"Elovena","slug":"elovena-175g-vireys-ananas-papaija-annospikapuuro","isAgeLimitedByAlcohol":false,"frozen":false,"packagingLabels":["Hyvää Suomesta (Sininen Joutsen)"," PEFC certified"," Sydänmerkki"],"packagingLabelCodes":["FINNISH_HEART_SYMBOL"," GOODS_FROM_FINLAND_BLUE_SWAN"," PEFC_CERTIFIED"],"hierarchyPath":[{"id":"Herkku_00000498","name":"Muut hiutaleet","slug":"kuivatuotteet-ja-leivonta-1/hiutaleet-murot-ja-myslit/muut-hiutaleet","__typename":"HierarchyPathItem"},{"id":"Herkku_00000053","name":"Hiutaleet, murot ja myslit","slug":"kuivatuotteet-ja-leivonta-1/hiutaleet-murot-ja-myslit","__typename":"HierarchyPathItem"},{"id":"Herkku_00000007","name":"Kuivatuotteet ja leivonta","slug":"kuivatuotteet-ja-leivonta-1","__typename":"HierarchyPathItem"}],"isGlobalFallback":null,"countryName":{"fi":"Suomi","__typename":"CountryName"}},{"id":"6411200113591","ean":"6411200113591","name":"Elovena 30g tumma suklaa pehmeä kaurapatukka","price":0.75,"storeId":725782447,"__typename":"Product","approxPrice":false,"basicQuantityUnit":"KPL","comparisonPrice":25,"comparisonUnit":"KGM","consumerPackageSize":null,"consumerPackageUnit":null,"priceUnit":"KPL","quantityMultiplier":1,"brandName":"Elovena","slug":"elovena-30g-tumma-suklaa-pehmea-kaurapatukka","isAgeLimitedByAlcohol":false,"frozen":false,"packagingLabels":["Avainlippu"," PEFC certified"," Rainforest alliance certified (Sammakko-merkki)"," Sydänmerkki"],"packagingLabelCodes":["FINNISH_HEART_SYMBOL"," MADE_IN_FINLAND_FLAG_WITH_KEY"," PEFC_CERTIFIED"," RAINFOREST_ALLIANCE"],"hierarchyPath":null,"isGlobalFallback":null,"countryName":{"fi":"Suomi","__typename":"CountryName"}},{"id":"6411200211969","ean":"6411200211969","name":"Elovena 10x30g uuniomena-toffee välipalakeksi 100% kauraa","price":3.55,"storeId":725782447,"__typename":"Product","approxPrice":false,"basicQuantityUnit":"KPL","comparisonPrice":11.83,"comparisonUnit":"KGM","consumerPackageSize":null,"consumerPackageUnit":null,"priceUnit":"KPL","quantityMultiplier":1,"brandName":"Elovena","slug":"elovena-10x30g-uuniomena-toffee-valipalakeksi-100-kauraa","isAgeLimitedByAlcohol":false,"frozen":false,"packagingLabels":["Avainlippu"," PEFC certified"," Sydänmerkki"],"packagingLabelCodes":["FINNISH_HEART_SYMBOL"," MADE_IN_FINLAND_FLAG_WITH_KEY"," PEFC_CERTIFIED"],"hierarchyPath":null,"isGlobalFallback":null,"countryName":{"fi":"Suomi","__typename":"CountryName"}},{"id":"6411200212317","ean":"6411200212317","name":"Elovena 10x30g tumma suklaa täysjyvä välipalakeksi 100% kauraa","price":3.19,"storeId":725782447,"__typename":"Product","approxPrice":false,"basicQuantityUnit":"KPL","comparisonPrice":10.63,"comparisonUnit":"KGM","consumerPackageSize":null,"consumerPackageUnit":null,"priceUnit":"KPL","quantityMultiplier":1,"brandName":"Elovena","slug":"elovena-10x30g-tumma-suklaa-taysjyva-valipalakeksi-100-kauraa","isAgeLimitedByAlcohol":false,"frozen":false,"packagingLabels":["Avainlippu"," PEFC certified"," Rainforest alliance certified (Sammakko-merkki)"," Sydänmerkki"," UTZ Certified"],"packagingLabelCodes":["FINNISH_HEART_SYMBOL"," MADE_IN_FINLAND_FLAG_WITH_KEY"," PEFC_CERTIFIED"," RAINFOREST_ALLIANCE"," UTZ_CERTIFIED"],"hierarchyPath":null,"isGlobalFallback":null,"countryName":{"fi":"Suomi","__typename":"CountryName"}},{"id":"6411300000487","ean":"6411300000487","name":"Paulig Juhla Mokka kahvi pannujauhatus 500g","price":5.85,"storeId":725782447,"__typename":"Product","approxPrice":false,"basicQuantityUnit":"KPL","comparisonPrice":11.7,"comparisonUnit":"KGM","consumerPackageSize":null,"consumerPackageUnit":null,"priceUnit":"KPL","quantityMultiplier":1,"brandName":"Juhla Mokka","slug":"paulig-juhla-mokka-kahvi-pannujauhatus-500g","isAgeLimitedByAlcohol":false,"frozen":false,"packagingLabels":[],"packagingLabelCodes":[],"hierarchyPath":[{"id":"1591691224561855","name":"Kahvit","slug":"juomat-1/kahvit-ja-suodatinpaperit/kahvit","__typename":"HierarchyPathItem"},{"id":"Herkku_00000089","name":"Kahvit ja suodatinpaperit","slug":"juomat-1/kahvit-ja-suodatinpaperit","__typename":"HierarchyPathItem"},{"id":"Herkku_00000005","name":"Juomat","slug":"juomat-1","__typename":"HierarchyPathItem"}],"isGlobalFallback":null,"countryName":{"fi":"Suomi","__typename":"CountryName"}},{"id":"6411300000494","ean":"6411300000494","name":"Paulig Juhla Mokka kahvi suodatinjauhatus 500g","price":5.85,"storeId":725782447,"__typename":"Product","approxPrice":false,"basicQuantityUnit":"KPL","comparisonPrice":11.7,"comparisonUnit":"KGM","consumerPackageSize":null,"consumerPackageUnit":null,"priceUnit":"KPL","quantityMultiplier":1,"brandName":"Juhla Mokka","slug":"paulig-juhla-mokka-kahvi-suodatinjauhatus-500g","isAgeLimitedByAlcohol":false,"frozen":false,"packagingLabels":[],"packagingLabelCodes":[],"hierarchyPath":[{"id":"1591691224561855","name":"Kahvit","slug":"juomat-1/kahvit-ja-suodatinpaperit/kahvit","__typename":"HierarchyPathItem"},{"id":"Herkku_00000089","name":"Kahvit ja suodatinpaperit","slug":"juomat-1/kahvit-ja-suodatinpaperit","__typename":"HierarchyPathItem"},{"id":"Herkku_00000005","name":"Juomat","slug":"juomat-1","__typename":"HierarchyPathItem"}],"isGlobalFallback":null,"countryName":{"fi":"Suomi","__typename":"CountryName"}},{"id":"6411300000616","ean":"6411300000616","name":"Paulig Brazil Original kahvi suodatinjauhatus 500g","price":7.29,"storeId":725782447,"__typename":"Product","approxPrice":false,"basicQuantityUnit":"KPL","comparisonPrice":14.58,"comparisonUnit":"KGM","consumerPackageSize":null,"consumerPackageUnit":null,"priceUnit":"KPL","quantityMultiplier":1,"brandName":"Brazil","slug":"paulig-brazil-original-kahvi-suodatinjauhatus-500g","isAgeLimitedByAlcohol":false,"frozen":false,"packagingLabels":["Rainforest alliance certified (Sammakko-merkki)"],"packagingLabelCodes":["RAINFOREST_ALLIANCE"],"hierarchyPath":[{"id":"1591691224561855","name":"Kahvit","slug":"juomat-1/kahvit-ja-suodatinpaperit/kahvit","__typename":"HierarchyPathItem"},{"id":"Herkku_00000089","name":"Kahvit ja suodatinpaperit","slug":"juomat-1/kahvit-ja-suodatinpaperit","__typename":"HierarchyPathItem"},{"id":"Herkku_00000005","name":"Juomat","slug":"juomat-1","__typename":"HierarchyPathItem"}],"isGlobalFallback":null,"countryName":{"fi":"Suomi","__typename":"CountryName"}},{"id":"6411300000852","ean":"6411300000852","name":"Paulig Presidentti kahvi suodatinjauhatus 500g","price":7.7,"storeId":725782447,"__typename":"Product","approxPrice":false,"basicQuantityUnit":"KPL","comparisonPrice":15.4,"comparisonUnit":"KGM","consumerPackageSize":null,"consumerPackageUnit":null,"priceUnit":"KPL","quantityMultiplier":1,"brandName":"Presidentti","slug":"paulig-presidentti-kahvi-suodatinjauhatus-500g","isAgeLimitedByAlcohol":false,"frozen":false,"packagingLabels":["Rainforest alliance certified (Sammakko-merkki)"," UTZ Certified"],"packagingLabelCodes":["RAINFOREST_ALLIANCE"," UTZ_CERTIFIED"],"hierarchyPath":[{"id":"1591691224561855","name":"Kahvit","slug":"juomat-1/kahvit-ja-suodatinpaperit/kahvit","__typename":"HierarchyPathItem"},{"id":"Herkku_00000089","name":"Kahvit ja suodatinpaperit","slug":"juomat-1/kahvit-ja-suodatinpaperit","__typename":"HierarchyPathItem"},{"id":"Herkku_00000005","name":"Juomat","slug":"juomat-1","__typename":"HierarchyPathItem"}],"isGlobalFallback":null,"countryName":{"fi":"Suomi","__typename":"CountryName"}},{"id":"6411300140329","ean":"6411300140329","name":"Paulig Presidentti Tumma Paahto kahvi suodatinjauhatus 500g","price":7.69,"storeId":725782447,"__typename":"Product","approxPrice":false,"basicQuantityUnit":"KPL","comparisonPrice":15.38,"comparisonUnit":"KGM","consumerPackageSize":null,"consumerPackageUnit":null,"priceUnit":"KPL","quantityMultiplier":1,"brandName":"Presidentti","slug":"paulig-presidentti-tumma-paahto-kahvi-suodatinjauhatus-500g","isAgeLimitedByAlcohol":false,"frozen":false,"packagingLabels":["UTZ Certified"],"packagingLabelCodes":["UTZ_CERTIFIED"],"hierarchyPath":[{"id":"1591691224561855","name":"Kahvit","slug":"juomat-1/kahvit-ja-suodatinpaperit/kahvit","__typename":"HierarchyPathItem"},{"id":"Herkku_00000089","name":"Kahvit ja suodatinpaperit","slug":"juomat-1/kahvit-ja-suodatinpaperit","__typename":"HierarchyPathItem"},{"id":"Herkku_00000005","name":"Juomat","slug":"juomat-1","__typename":"HierarchyPathItem"}],"isGlobalFallback":null,"countryName":{"fi":"Suomi","__typename":"CountryName"}},{"id":"6411300159970","ean":"6411300159970","name":"Paulig Café Parisien kahvi suodatinjauhatus 400g","price":8.1,"storeId":725782447,"__typename":"Product","approxPrice":false,"basicQuantityUnit":"KPL","comparisonPrice":20.25,"comparisonUnit":"KGM","consumerPackageSize":null,"consumerPackageUnit":null,"priceUnit":"KPL","quantityMultiplier":1,"brandName":"Paulig","slug":"paulig-cafe-parisien-kahvi-suodatinjauhatus-400g","isAgeLimitedByAlcohol":false,"frozen":false,"packagingLabels":["Rainforest alliance certified (Sammakko-merkki)"],"packagingLabelCodes":["RAINFOREST_ALLIANCE"],"hierarchyPath":[{"id":"1591691224561855","name":"Kahvit","slug":"juomat-1/kahvit-ja-suodatinpaperit/kahvit","__typename":"HierarchyPathItem"},{"id":"Herkku_00000089","name":"Kahvit ja suodatinpaperit","slug":"juomat-1/kahvit-ja-suodatinpaperit","__typename":"HierarchyPathItem"},{"id":"Herkku_00000005","name":"Juomat","slug":"juomat-1","__typename":"HierarchyPathItem"}],"isGlobalFallback":null,"countryName":{"fi":"Suomi","__typename":"CountryName"}},{"id":"6411300161003","ean":"6411300161003","name":"Paulig Presidentti Gold Label kahvi suodatinjauhatus 500g","price":7.7,"storeId":725782447,"__typename":"Product","approxPrice":false,"basicQuantityUnit":"KPL","comparisonPrice":15.4,"comparisonUnit":"KGM","consumerPackageSize":null,"consumerPackageUnit":null,"priceUnit":"KPL","quantityMultiplier":1,"brandName":"Presidentti","slug":"paulig-presidentti-gold-label-kahvi-suodatinjauhatus-500g","isAgeLimitedByAlcohol":false,"frozen":false,"packagingLabels":["Rainforest alliance certified (Sammakko-merkki)"," UTZ Certified"],"packagingLabelCodes":["RAINFOREST_ALLIANCE"," UTZ_CERTIFIED"],"hierarchyPath":[{"id":"1591691224561855","name":"Kahvit","slug":"juomat-1/kahvit-ja-suodatinpaperit/kahvit","__typename":"HierarchyPathItem"},{"id":"Herkku_00000089","name":"Kahvit ja suodatinpaperit","slug":"juomat-1/kahvit-ja-suodatinpaperit","__typename":"HierarchyPathItem"},{"id":"Herkku_00000005","name":"Juomat","slug":"juomat-1","__typename":"HierarchyPathItem"}],"isGlobalFallback":null,"countryName":{"fi":"Suomi","__typename":"CountryName"}},{"id":"6411300164448","ean":"6411300164448","name":"Paulig Mundo Luomu kahvi suodatinjauhatus 500g","price":8.19,"storeId":725782447,"__typename":"Product","approxPrice":false,"basicQuantityUnit":"KPL","comparisonPrice":16.38,"comparisonUnit":"KGM","consumerPackageSize":null,"consumerPackageUnit":null,"priceUnit":"KPL","quantityMultiplier":1,"brandName":"Paulig","slug":"paulig-mundo-luomu-kahvi-suodatinjauhatus-500g","isAgeLimitedByAlcohol":false,"frozen":false,"packagingLabels":["EU:n luomutunnus (lehti)"," Reilu Kauppa"],"packagingLabelCodes":["EU_ORGANIC_FARMING"," FAIR_TRADE_MARK"],"hierarchyPath":[{"id":"1591691224561855","name":"Kahvit","slug":"juomat-1/kahvit-ja-suodatinpaperit/kahvit","__typename":"HierarchyPathItem"},{"id":"Herkku_00000089","name":"Kahvit ja suodatinpaperit","slug":"juomat-1/kahvit-ja-suodatinpaperit","__typename":"HierarchyPathItem"},{"id":"Herkku_00000005","name":"Juomat","slug":"juomat-1","__typename":"HierarchyPathItem"}],"isGlobalFallback":null,"countryName":{"fi":"Suomi","__typename":"CountryName"}},{"id":"6411300164653","ean":"6411300164653","name":"Paulig Juhla Mokka Tumma Paahto kahvi suodatinjauhatus 500g","price":5.85,"storeId":725782447,"__typename":"Product","approxPrice":false,"basicQuantityUnit":"KPL","comparisonPrice":11.7,"comparisonUnit":"KGM","consumerPackageSize":null,"consumerPackageUnit":null,"priceUnit":"KPL","quantityMultiplier":1,"brandName":"Juhla Mokka","slug":"paulig-juhla-mokka-tumma-paahto-kahvi-suodatinjauhatus-500g","isAgeLimitedByAlcohol":false,"frozen":false,"packagingLabels":[],"packagingLabelCodes":[],"hierarchyPath":[{"id":"1591691224561855","name":"Kahvit","slug":"juomat-1/kahvit-ja-suodatinpaperit/kahvit","__typename":"HierarchyPathItem"},{"id":"Herkku_00000089","name":"Kahvit ja suodatinpaperit","slug":"juomat-1/kahvit-ja-suodatinpaperit","__typename":"HierarchyPathItem"},{"id":"Herkku_00000005","name":"Juomat","slug":"juomat-1","__typename":"HierarchyPathItem"}],"isGlobalFallback":null,"countryName":{"fi":"Suomi","__typename":"CountryName"}},{"id":"6411300167753","ean":"6411300167753","name":"Paulig Café New York kahvi suodatinjauhatus 500g","price":8.1,"storeId":725782447,"__typename":"Product","approxPrice":false,"basicQuantityUnit":"KPL","comparisonPrice":16.2,"comparisonUnit":"KGM","consumerPackageSize":null,"consumerPackageUnit":null,"priceUnit":"KPL","quantityMultiplier":1,"brandName":"Paulig","slug":"paulig-cafe-new-york-kahvi-suodatinjauhatus-500g","isAgeLimitedByAlcohol":false,"frozen":false,"packagingLabels":["Rainforest alliance certified (Sammakko-merkki)"],"packagingLabelCodes":["RAINFOREST_ALLIANCE"],"hierarchyPath":[{"id":"1591691224561855","name":"Kahvit","slug":"juomat-1/kahvit-ja-suodatinpaperit/kahvit","__typename":"HierarchyPathItem"},{"id":"Herkku_00000089","name":"Kahvit ja suodatinpaperit","slug":"juomat-1/kahvit-ja-suodatinpaperit","__typename":"HierarchyPathItem"},{"id":"Herkku_00000005","name":"Juomat","slug":"juomat-1","__typename":"HierarchyPathItem"}],"isGlobalFallback":null,"countryName":{"fi":"Suomi","__typename":"CountryName"}},{"id":"6411300169788","ean":"6411300169788","name":"Paulig Café New York 450g papukahvia","price":8.15,"storeId":725782447,"__typename":"Product","approxPrice":false,"basicQuantityUnit":"KPL","comparisonPrice":18.11,"comparisonUnit":"KGM","consumerPackageSize":null,"consumerPackageUnit":null,"priceUnit":"KPL","quantityMultiplier":1,"brandName":"Paulig","slug":"paulig-cafe-new-york-450g-papukahvia","isAgeLimitedByAlcohol":false,"frozen":false,"packagingLabels":["Rainforest alliance certified (Sammakko-merkki)"],"packagingLabelCodes":["RAINFOREST_ALLIANCE"],"hierarchyPath":[{"id":"Herkku_00000508","name":"Kahvipavut","slug":"juomat-1/kahvit-ja-suodatinpaperit/kahvipavut","__typename":"HierarchyPathItem"},{"id":"Herkku_00000089","name":"Kahvit ja suodatinpaperit","slug":"juomat-1/kahvit-ja-suodatinpaperit","__typename":"HierarchyPathItem"},{"id":"Herkku_00000005","name":"Juomat","slug":"juomat-1","__typename":"HierarchyPathItem"}],"isGlobalFallback":null,"countryName":{"fi":"Suomi","__typename":"CountryName"}},{"id":"6411300175147","ean":"6411300175147","name":"Paulig Café Reykjavik kahvi suodatinjauhatus 475g","price":8.1,"storeId":725782447,"__typename":"Product","approxPrice":false,"basicQuantityUnit":"KPL","comparisonPrice":17.05,"comparisonUnit":"KGM","consumerPackageSize":null,"consumerPackageUnit":null,"priceUnit":"KPL","quantityMultiplier":1,"brandName":"Paulig","slug":"paulig-cafe-reykjavik-kahvi-suodatinjauhatus-475g","isAgeLimitedByAlcohol":false,"frozen":false,"packagingLabels":["Rainforest alliance certified (Sammakko-merkki)"],"packagingLabelCodes":["RAINFOREST_ALLIANCE"],"hierarchyPath":[{"id":"1591691224561855","name":"Kahvit","slug":"juomat-1/kahvit-ja-suodatinpaperit/kahvit","__typename":"HierarchyPathItem"},{"id":"Herkku_00000089","name":"Kahvit ja suodatinpaperit","slug":"juomat-1/kahvit-ja-suodatinpaperit","__typename":"HierarchyPathItem"},{"id":"Herkku_00000005","name":"Juomat","slug":"juomat-1","__typename":"HierarchyPathItem"}],"isGlobalFallback":null,"countryName":{"fi":"Suomi","__typename":"CountryName"}},{"id":"6411300176724","ean":"6411300176724","name":"Paulig Presidentti Ruby kahvi suodatinjauhatus 500g","price":7.7,"storeId":725782447,"__typename":"Product","approxPrice":false,"basicQuantityUnit":"KPL","comparisonPrice":15.4,"comparisonUnit":"KGM","consumerPackageSize":null,"consumerPackageUnit":null,"priceUnit":"KPL","quantityMultiplier":1,"brandName":"Paulig","slug":"paulig-presidentti-ruby-kahvi-suodatinjauhatus-500g","isAgeLimitedByAlcohol":false,"frozen":false,"packagingLabels":["UTZ Certified"],"packagingLabelCodes":["UTZ_CERTIFIED"],"hierarchyPath":[{"id":"1591691224561855","name":"Kahvit","slug":"juomat-1/kahvit-ja-suodatinpaperit/kahvit","__typename":"HierarchyPathItem"},{"id":"Herkku_00000089","name":"Kahvit ja suodatinpaperit","slug":"juomat-1/kahvit-ja-suodatinpaperit","__typename":"HierarchyPathItem"},{"id":"Herkku_00000005","name":"Juomat","slug":"juomat-1","__typename":"HierarchyPathItem"}],"isGlobalFallback":null,"countryName":{"fi":"Suomi","__typename":"CountryName"}},{"id":"6411300179817","ean":"6411300179817","name":"Paulig Juhla Mokka Samettinen kahvi suodatinjauhatus 475g","price":6.89,"storeId":725782447,"__typename":"Product","approxPrice":false,"basicQuantityUnit":"KPL","comparisonPrice":14.51,"comparisonUnit":"KGM","consumerPackageSize":null,"consumerPackageUnit":null,"priceUnit":"KPL","quantityMultiplier":1,"brandName":"Juhla Mokka","slug":"paulig-juhla-mokka-samettinen-kahvi-suodatinjauhatus-475g","isAgeLimitedByAlcohol":false,"frozen":false,"packagingLabels":["Rainforest alliance certified (Sammakko-merkki)"],"packagingLabelCodes":["RAINFOREST_ALLIANCE"],"hierarchyPath":[{"id":"1591691224561855","name":"Kahvit","slug":"juomat-1/kahvit-ja-suodatinpaperit/kahvit","__typename":"HierarchyPathItem"},{"id":"Herkku_00000089","name":"Kahvit ja suodatinpaperit","slug":"juomat-1/kahvit-ja-suodatinpaperit","__typename":"HierarchyPathItem"},{"id":"Herkku_00000005","name":"Juomat","slug":"juomat-1","__typename":"HierarchyPathItem"}],"isGlobalFallback":null,"countryName":{"fi":"Suomi","__typename":"CountryName"}},{"id":"6411300179886","ean":"6411300179886","name":"Paulig Juhla Mokka Lempeä kahvi suodatinjauhatus 425g","price":6.89,"storeId":725782447,"__typename":"Product","approxPrice":false,"basicQuantityUnit":"KPL","comparisonPrice":16.21,"comparisonUnit":"KGM","consumerPackageSize":null,"consumerPackageUnit":null,"priceUnit":"KPL","quantityMultiplier":1,"brandName":"Juhla Mokka","slug":"paulig-juhla-mokka-lempea-kahvi-suodatinjauhatus-425g","isAgeLimitedByAlcohol":false,"frozen":false,"packagingLabels":["Rainforest alliance certified (Sammakko-merkki)"],"packagingLabelCodes":["RAINFOREST_ALLIANCE"],"hierarchyPath":[{"id":"1591691224561855","name":"Kahvit","slug":"juomat-1/kahvit-ja-suodatinpaperit/kahvit","__typename":"HierarchyPathItem"},{"id":"Herkku_00000089","name":"Kahvit ja suodatinpaperit","slug":"juomat-1/kahvit-ja-suodatinpaperit","__typename":"HierarchyPathItem"},{"id":"Herkku_00000005","name":"Juomat","slug":"juomat-1","__typename":"HierarchyPathItem"}],"isGlobalFallback":null,"countryName":{"fi":"Suomi","__typename":"CountryName"}},{"id":"6411300624171","ean":"6411300624171","name":"Paulig Frezza Forte Double Trouble 250ml laktoositon maitokahvijuoma","price":2.15,"storeId":725782447,"__typename":"Product","approxPrice":false,"basicQuantityUnit":"KPL","comparisonPrice":8.2,"comparisonUnit":"LTR","consumerPackageSize":null,"consumerPackageUnit":null,"priceUnit":"KPL","quantityMultiplier":1,"brandName":"Frezza","slug":"paulig-frezza-forte-double-trouble-250ml-laktoositon-maitokahvijuoma","isAgeLimitedByAlcohol":false,"frozen":false,"packagingLabels":["Rainforest alliance certified (Sammakko-merkki)"],"packagingLabelCodes":["RAINFOREST_ALLIANCE"],"hierarchyPath":[{"id":"Herkku_00000502","name":"Valmiit kahvijuomat","slug":"juomat-1/kahvit-ja-suodatinpaperit/valmiit-kahvijuomat","__typename":"HierarchyPathItem"},{"id":"Herkku_00000089","name":"Kahvit ja suodatinpaperit","slug":"juomat-1/kahvit-ja-suodatinpaperit","__typename":"HierarchyPathItem"},{"id":"Herkku_00000005","name":"Juomat","slug":"juomat-1","__typename":"HierarchyPathItem"}],"isGlobalFallback":null,"countryName":{"fi":"Saksa","__typename":"CountryName"}},{"id":"6411300625314","ean":"6411300625314","name":"Paulig Frezza Vanilla Sweet Treat 250ml laktoositon maitokahvijuoma vaniljainen maku","price":2.15,"storeId":725782447,"__typename":"Product","approxPrice":false,"basicQuantityUnit":"KPL","comparisonPrice":8.2,"comparisonUnit":"LTR","consumerPackageSize":null,"consumerPackageUnit":null,"priceUnit":"KPL","quantityMultiplier":1,"brandName":"Frezza","slug":"paulig-frezza-vanilla-sweet-treat-250ml-laktoositon-maitokahvijuoma-vaniljainen-maku","isAgeLimitedByAlcohol":false,"frozen":false,"packagingLabels":["Rainforest alliance certified (Sammakko-merkki)"],"packagingLabelCodes":["RAINFOREST_ALLIANCE"],"hierarchyPath":[{"id":"Herkku_00000502","name":"Valmiit kahvijuomat","slug":"juomat-1/kahvit-ja-suodatinpaperit/valmiit-kahvijuomat","__typename":"HierarchyPathItem"},{"id":"Herkku_00000089","name":"Kahvit ja suodatinpaperit","slug":"juomat-1/kahvit-ja-suodatinpaperit","__typename":"HierarchyPathItem"},{"id":"Herkku_00000005","name":"Juomat","slug":"juomat-1","__typename":"HierarchyPathItem"}],"isGlobalFallback":null,"countryName":{"fi":"Saksa","__typename":"CountryName"}},{"id":"6411300628124","ean":"6411300628124","name":"Paulig Frezza Mint Mighty Minty 250ml laktoositon maitokahvijuoma minttusuklainen maku","price":2.15,"storeId":725782447,"__typename":"Product","approxPrice":false,"basicQuantityUnit":"KPL","comparisonPrice":8.2,"comparisonUnit":"LTR","consumerPackageSize":null,"consumerPackageUnit":null,"priceUnit":"KPL","quantityMultiplier":1,"brandName":"Frezza","slug":"paulig-frezza-mint-mighty-minty-250ml-laktoositon-maitokahvijuoma-minttusuklainen-maku","isAgeLimitedByAlcohol":false,"frozen":false,"packagingLabels":["Rainforest alliance certified (Sammakko-merkki)"],"packagingLabelCodes":["RAINFOREST_ALLIANCE"],"hierarchyPath":[{"id":"Herkku_00000502","name":"Valmiit kahvijuomat","slug":"juomat-1/kahvit-ja-suodatinpaperit/valmiit-kahvijuomat","__typename":"HierarchyPathItem"},{"id":"Herkku_00000089","name":"Kahvit ja suodatinpaperit","slug":"juomat-1/kahvit-ja-suodatinpaperit","__typename":"HierarchyPathItem"},{"id":"Herkku_00000005","name":"Juomat","slug":"juomat-1","__typename":"HierarchyPathItem"}],"isGlobalFallback":null,"countryName":{"fi":"Saksa","__typename":"CountryName"}},{"id":"6411300653959","ean":"6411300653959","name":"Paulig New York Cold Brew Latte 235 ml laktoositon maitokahvijuoma","price":2.09,"storeId":725782447,"__typename":"Product","approxPrice":false,"basicQuantityUnit":"KPL","comparisonPrice":8.89,"comparisonUnit":"LTR","consumerPackageSize":null,"consumerPackageUnit":null,"priceUnit":"KPL","quantityMultiplier":1,"brandName":"Paulig","slug":"paulig-new-york-cold-brew-latte-235-ml-laktoositon-maitokahvijuoma","isAgeLimitedByAlcohol":false,"frozen":false,"packagingLabels":["Reilu Kauppa"],"packagingLabelCodes":["FAIR_TRADE_MARK"],"hierarchyPath":[{"id":"Herkku_00000502","name":"Valmiit kahvijuomat","slug":"juomat-1/kahvit-ja-suodatinpaperit/valmiit-kahvijuomat","__typename":"HierarchyPathItem"},{"id":"Herkku_00000089","name":"Kahvit ja suodatinpaperit","slug":"juomat-1/kahvit-ja-suodatinpaperit","__typename":"HierarchyPathItem"},{"id":"Herkku_00000005","name":"Juomat","slug":"juomat-1","__typename":"HierarchyPathItem"}],"isGlobalFallback":null,"countryName":{"fi":"Itävalta","__typename":"CountryName"}},{"id":"6411401012808","ean":"6411401012808","name":"Fazer Marianne Crush piparminttusuklaa karamellirouhe 150g","price":3.25,"storeId":725782447,"__typename":"Product","approxPrice":false,"basicQuantityUnit":"KPL","comparisonPrice":21.67,"comparisonUnit":"KGM","consumerPackageSize":null,"consumerPackageUnit":null,"priceUnit":"KPL","quantityMultiplier":1,"brandName":"Fazer","slug":"fazer-marianne-crush-piparminttusuklaa-karamellirouhe-150g","isAgeLimitedByAlcohol":false,"frozen":false,"packagingLabels":[],"packagingLabelCodes":[],"hierarchyPath":[{"id":"Herkku_00000403","name":"Kuorrutteet&täytteet","slug":"kuivatuotteet-ja-leivonta-1/leivontatarvikkeet/kuorrutteetandtaytteet","__typename":"HierarchyPathItem"},{"id":"Herkku_00000072","name":"Leivontatarvikkeet","slug":"kuivatuotteet-ja-leivonta-1/leivontatarvikkeet","__typename":"HierarchyPathItem"},{"id":"Herkku_00000007","name":"Kuivatuotteet ja leivonta","slug":"kuivatuotteet-ja-leivonta-1","__typename":"HierarchyPathItem"}],"isGlobalFallback":null,"countryName":{"fi":"Suomi","__typename":"CountryName"}},{"id":"6411401014826","ean":"6411401014826","name":"Fazer Kismet suklaapatukka 55g","price":0.95,"storeId":725782447,"__typename":"Product","approxPrice":false,"basicQuantityUnit":"KPL","comparisonPrice":17.27,"comparisonUnit":"KGM","consumerPackageSize":null,"consumerPackageUnit":null,"priceUnit":"KPL","quantityMultiplier":1,"brandName":"Fazer","slug":"fazer-kismet-suklaapatukka-55g","isAgeLimitedByAlcohol":false,"frozen":false,"packagingLabels":[],"packagingLabelCodes":[],"hierarchyPath":[{"id":"Herkku_00000333","name":"Suklaapatukat","slug":"makeiset-ja-naposteltavat-1/suklaat/suklaapatukat","__typename":"HierarchyPathItem"},{"id":"Herkku_00000060","name":"Suklaat","slug":"makeiset-ja-naposteltavat-1/suklaat","__typename":"HierarchyPathItem"},{"id":"Herkku_00000009","name":"Makeiset ja naposteltavat","slug":"makeiset-ja-naposteltavat-1","__typename":"HierarchyPathItem"}],"isGlobalFallback":null,"countryName":{"fi":"Suomi","__typename":"CountryName"}},{"id":"6411401015090","ean":"6411401015090","name":"Karl Fazer maitosuklaa suklaalevy 200g","price":2.65,"storeId":725782447,"__typename":"Product","approxPrice":false,"basicQuantityUnit":"KPL","comparisonPrice":13.25,"comparisonUnit":"KGM","consumerPackageSize":null,"consumerPackageUnit":null,"priceUnit":"KPL","quantityMultiplier":1,"brandName":"Karl Fazer","slug":"karl-fazer-maitosuklaa-suklaalevy-200g","isAgeLimitedByAlcohol":false,"frozen":false,"packagingLabels":["Green Dot"," Kierrätysmerkki"],"packagingLabelCodes":["GREEN_DOT"," RECYCLABLE_GENERAL_CLAIM"],"hierarchyPath":[{"id":"Herkku_00000334","name":"Suklaalevyt","slug":"makeiset-ja-naposteltavat-1/suklaat/suklaalevyt","__typename":"HierarchyPathItem"},{"id":"Herkku_00000060","name":"Suklaat","slug":"makeiset-ja-naposteltavat-1/suklaat","__typename":"HierarchyPathItem"},{"id":"Herkku_00000009","name":"Makeiset ja naposteltavat","slug":"makeiset-ja-naposteltavat-1","__typename":"HierarchyPathItem"}],"isGlobalFallback":null,"countryName":{"fi":"Suomi","__typename":"CountryName"}},{"id":"6411401015137","ean":"6411401015137","name":"Karl Fazer hasselpähkinärouhe suklaalevy 200g","price":3.05,"storeId":725782447,"__typename":"Product","approxPrice":false,"basicQuantityUnit":"KPL","comparisonPrice":15.25,"comparisonUnit":"KGM","consumerPackageSize":null,"consumerPackageUnit":null,"priceUnit":"KPL","quantityMultiplier":1,"brandName":"Fazer","slug":"karl-fazer-hasselpahkinarouhe-suklaalevy-200g","isAgeLimitedByAlcohol":false,"frozen":false,"packagingLabels":["Green Dot"],"packagingLabelCodes":["GREEN_DOT"],"hierarchyPath":[{"id":"Herkku_00000334","name":"Suklaalevyt","slug":"makeiset-ja-naposteltavat-1/suklaat/suklaalevyt","__typename":"HierarchyPathItem"},{"id":"Herkku_00000060","name":"Suklaat","slug":"makeiset-ja-naposteltavat-1/suklaat","__typename":"HierarchyPathItem"},{"id":"Herkku_00000009","name":"Makeiset ja naposteltavat","slug":"makeiset-ja-naposteltavat-1","__typename":"HierarchyPathItem"}],"isGlobalFallback":null,"countryName":{"fi":"Suomi","__typename":"CountryName"}},{"id":"6411401015151","ean":"6411401015151","name":"Karl Fazer kokonainen hasselpähkinä suklaalevy 200g","price":3.05,"storeId":725782447,"__typename":"Product","approxPrice":false,"basicQuantityUnit":"KPL","comparisonPrice":15.25,"comparisonUnit":"KGM","consumerPackageSize":null,"consumerPackageUnit":null,"priceUnit":"KPL","quantityMultiplier":1,"brandName":"Karl Fazer","slug":"karl-fazer-kokonainen-hasselpahkina-suklaalevy-200g","isAgeLimitedByAlcohol":false,"frozen":false,"packagingLabels":[],"packagingLabelCodes":[],"hierarchyPath":[{"id":"Herkku_00000334","name":"Suklaalevyt","slug":"makeiset-ja-naposteltavat-1/suklaat/suklaalevyt","__typename":"HierarchyPathItem"},{"id":"Herkku_00000060","name":"Suklaat","slug":"makeiset-ja-naposteltavat-1/suklaat","__typename":"HierarchyPathItem"},{"id":"Herkku_00000009","name":"Makeiset ja naposteltavat","slug":"makeiset-ja-naposteltavat-1","__typename":"HierarchyPathItem"}],"isGlobalFallback":null,"countryName":{"fi":"Suomi","__typename":"CountryName"}},{"id":"6411401015168","ean":"6411401015168","name":"Fazer Taloussuklaa tumma suklaa suklaalevy 200g","price":3.05,"storeId":725782447,"__typename":"Product","approxPrice":false,"basicQuantityUnit":"KPL","comparisonPrice":15.25,"comparisonUnit":"KGM","consumerPackageSize":null,"consumerPackageUnit":null,"priceUnit":"KPL","quantityMultiplier":1,"brandName":"Fazer","slug":"fazer-taloussuklaa-tumma-suklaa-suklaalevy-200g","isAgeLimitedByAlcohol":false,"frozen":false,"packagingLabels":[],"packagingLabelCodes":[],"hierarchyPath":[{"id":"Herkku_00000334","name":"Suklaalevyt","slug":"makeiset-ja-naposteltavat-1/suklaat/suklaalevyt","__typename":"HierarchyPathItem"},{"id":"Herkku_00000060","name":"Suklaat","slug":"makeiset-ja-naposteltavat-1/suklaat","__typename":"HierarchyPathItem"},{"id":"Herkku_00000009","name":"Makeiset ja naposteltavat","slug":"makeiset-ja-naposteltavat-1","__typename":"HierarchyPathItem"}],"isGlobalFallback":null,"countryName":{"fi":"Suomi","__typename":"CountryName"}},{"id":"6411401015182","ean":"6411401015182","name":"Karl Fazer vaaleamaitosuklaa suklaalevy 200g","price":3.05,"storeId":725782447,"__typename":"Product","approxPrice":false,"basicQuantityUnit":"KPL","comparisonPrice":15.25,"comparisonUnit":"KGM","consumerPackageSize":null,"consumerPackageUnit":null,"priceUnit":"KPL","quantityMultiplier":1,"brandName":"Karl Fazer","slug":"karl-fazer-vaaleamaitosuklaa-suklaalevy-200g","isAgeLimitedByAlcohol":false,"frozen":false,"packagingLabels":[],"packagingLabelCodes":[],"hierarchyPath":[{"id":"Herkku_00000334","name":"Suklaalevyt","slug":"makeiset-ja-naposteltavat-1/suklaat/suklaalevyt","__typename":"HierarchyPathItem"},{"id":"Herkku_00000060","name":"Suklaat","slug":"makeiset-ja-naposteltavat-1/suklaat","__typename":"HierarchyPathItem"},{"id":"Herkku_00000009","name":"Makeiset ja naposteltavat","slug":"makeiset-ja-naposteltavat-1","__typename":"HierarchyPathItem"}],"isGlobalFallback":null,"countryName":{"fi":"Suomi","__typename":"CountryName"}},{"id":"6411401015793","ean":"6411401015793","name":"Karl Fazer Lontoo rae lakritsirae suklaalevy 200g","price":3.05,"storeId":725782447,"__typename":"Product","approxPrice":false,"basicQuantityUnit":"KPL","comparisonPrice":15.25,"comparisonUnit":"KGM","consumerPackageSize":null,"consumerPackageUnit":null,"priceUnit":"KPL","quantityMultiplier":1,"brandName":"Karl Fazer","slug":"karl-fazer-lontoo-rae-lakritsirae-suklaalevy-200g","isAgeLimitedByAlcohol":false,"frozen":false,"packagingLabels":[],"packagingLabelCodes":[],"hierarchyPath":[{"id":"Herkku_00000334","name":"Suklaalevyt","slug":"makeiset-ja-naposteltavat-1/suklaat/suklaalevyt","__typename":"HierarchyPathItem"},{"id":"Herkku_00000060","name":"Suklaat","slug":"makeiset-ja-naposteltavat-1/suklaat","__typename":"HierarchyPathItem"},{"id":"Herkku_00000009","name":"Makeiset ja naposteltavat","slug":"makeiset-ja-naposteltavat-1","__typename":"HierarchyPathItem"}],"isGlobalFallback":null,"countryName":{"fi":"Suomi","__typename":"CountryName"}},{"id":"6411401015861","ean":"6411401015861","name":"Karl Fazer 47% tumma suklaalevy 200g","price":3.05,"storeId":725782447,"__typename":"Product","approxPrice":false,"basicQuantityUnit":"KPL","comparisonPrice":15.25,"comparisonUnit":"KGM","consumerPackageSize":null,"consumerPackageUnit":null,"priceUnit":"KPL","quantityMultiplier":1,"brandName":"Karl Fazer","slug":"karl-fazer-47-tumma-suklaalevy-200g","isAgeLimitedByAlcohol":false,"frozen":false,"packagingLabels":[],"packagingLabelCodes":[],"hierarchyPath":[{"id":"Herkku_00000334","name":"Suklaalevyt","slug":"makeiset-ja-naposteltavat-1/suklaat/suklaalevyt","__typename":"HierarchyPathItem"},{"id":"Herkku_00000060","name":"Suklaat","slug":"makeiset-ja-naposteltavat-1/suklaat","__typename":"HierarchyPathItem"},{"id":"Herkku_00000009","name":"Makeiset ja naposteltavat","slug":"makeiset-ja-naposteltavat-1","__typename":"HierarchyPathItem"}],"isGlobalFallback":null,"countryName":{"fi":"Suomi","__typename":"CountryName"}},{"id":"6411401017018","ean":"6411401017018","name":"Fazer DaCapo tumma suklaapatukka 20g","price":0.55,"storeId":725782447,"__typename":"Product","approxPrice":false,"basicQuantityUnit":"KPL","comparisonPrice":27.5,"comparisonUnit":"KGM","consumerPackageSize":null,"consumerPackageUnit":null,"priceUnit":"KPL","quantityMultiplier":1,"brandName":"Fazer","slug":"fazer-dacapo-tumma-suklaapatukka-20g","isAgeLimitedByAlcohol":false,"frozen":false,"packagingLabels":[],"packagingLabelCodes":[],"hierarchyPath":[{"id":"Herkku_00000333","name":"Suklaapatukat","slug":"makeiset-ja-naposteltavat-1/suklaat/suklaapatukat","__typename":"HierarchyPathItem"},{"id":"Herkku_00000060","name":"Suklaat","slug":"makeiset-ja-naposteltavat-1/suklaat","__typename":"HierarchyPathItem"},{"id":"Herkku_00000009","name":"Makeiset ja naposteltavat","slug":"makeiset-ja-naposteltavat-1","__typename":"HierarchyPathItem"}],"isGlobalFallback":null,"countryName":{"fi":"Suomi","__typename":"CountryName"}},{"id":"6411401017025","ean":"6411401017025","name":"Fazer Jim tumma suklaapatukka 14g","price":0.55,"storeId":725782447,"__typename":"Product","approxPrice":false,"basicQuantityUnit":"KPL","comparisonPrice":39.29,"comparisonUnit":"KGM","consumerPackageSize":null,"consumerPackageUnit":null,"priceUnit":"KPL","quantityMultiplier":1,"brandName":"Fazer","slug":"fazer-jim-tumma-suklaapatukka-14g","isAgeLimitedByAlcohol":false,"frozen":false,"packagingLabels":[],"packagingLabelCodes":[],"hierarchyPath":[{"id":"Herkku_00000333","name":"Suklaapatukat","slug":"makeiset-ja-naposteltavat-1/suklaat/suklaapatukat","__typename":"HierarchyPathItem"},{"id":"Herkku_00000060","name":"Suklaat","slug":"makeiset-ja-naposteltavat-1/suklaat","__typename":"HierarchyPathItem"},{"id":"Herkku_00000009","name":"Makeiset ja naposteltavat","slug":"makeiset-ja-naposteltavat-1","__typename":"HierarchyPathItem"}],"isGlobalFallback":null,"countryName":{"fi":"Suomi","__typename":"CountryName"}},{"id":"6411401017322","ean":"6411401017322","name":"Fazer Pätkis minttutryffeli suklaapatukka 18g","price":0.55,"storeId":725782447,"__typename":"Product","approxPrice":false,"basicQuantityUnit":"KPL","comparisonPrice":30.56,"comparisonUnit":"KGM","consumerPackageSize":null,"consumerPackageUnit":null,"priceUnit":"KPL","quantityMultiplier":1,"brandName":"Fazer","slug":"fazer-patkis-minttutryffeli-suklaapatukka-18g","isAgeLimitedByAlcohol":false,"frozen":false,"packagingLabels":[],"packagingLabelCodes":[],"hierarchyPath":[{"id":"Herkku_00000333","name":"Suklaapatukat","slug":"makeiset-ja-naposteltavat-1/suklaat/suklaapatukat","__typename":"HierarchyPathItem"},{"id":"Herkku_00000060","name":"Suklaat","slug":"makeiset-ja-naposteltavat-1/suklaat","__typename":"HierarchyPathItem"},{"id":"Herkku_00000009","name":"Makeiset ja naposteltavat","slug":"makeiset-ja-naposteltavat-1","__typename":"HierarchyPathItem"}],"isGlobalFallback":null,"countryName":{"fi":"Suomi","__typename":"CountryName"}},{"id":"6411401017629","ean":"6411401017629","name":"Fazer Fami tryffeli suklaapatukka 32g","price":0.85,"storeId":725782447,"__typename":"Product","approxPrice":false,"basicQuantityUnit":"KPL","comparisonPrice":26.56,"comparisonUnit":"KGM","consumerPackageSize":null,"consumerPackageUnit":null,"priceUnit":"KPL","quantityMultiplier":1,"brandName":"Fazer","slug":"fazer-fami-tryffeli-suklaapatukka-32g","isAgeLimitedByAlcohol":false,"frozen":false,"packagingLabels":[],"packagingLabelCodes":[],"hierarchyPath":[{"id":"Herkku_00000333","name":"Suklaapatukat","slug":"makeiset-ja-naposteltavat-1/suklaat/suklaapatukat","__typename":"HierarchyPathItem"},{"id":"Herkku_00000060","name":"Suklaat","slug":"makeiset-ja-naposteltavat-1/suklaat","__typename":"HierarchyPathItem"},{"id":"Herkku_00000009","name":"Makeiset ja naposteltavat","slug":"makeiset-ja-naposteltavat-1","__typename":"HierarchyPathItem"}],"isGlobalFallback":null,"countryName":{"fi":"Suomi","__typename":"CountryName"}},{"id":"6411401019012","ean":"6411401019012","name":"Karl Fazer maitosuklaa suklaapatukka 39g","price":0.85,"storeId":725782447,"__typename":"Product","approxPrice":false,"basicQuantityUnit":"KPL","comparisonPrice":21.79,"comparisonUnit":"KGM","consumerPackageSize":null,"consumerPackageUnit":null,"priceUnit":"KPL","quantityMultiplier":1,"brandName":"Karl Fazer","slug":"karl-fazer-maitosuklaa-suklaapatukka-39g","isAgeLimitedByAlcohol":false,"frozen":false,"packagingLabels":[],"packagingLabelCodes":[],"hierarchyPath":[{"id":"Herkku_00000333","name":"Suklaapatukat","slug":"makeiset-ja-naposteltavat-1/suklaat/suklaapatukat","__typename":"HierarchyPathItem"},{"id":"Herkku_00000060","name":"Suklaat","slug":"makeiset-ja-naposteltavat-1/suklaat","__typename":"HierarchyPathItem"},{"id":"Herkku_00000009","name":"Makeiset ja naposteltavat","slug":"makeiset-ja-naposteltavat-1","__typename":"HierarchyPathItem"}],"isGlobalFallback":null,"countryName":{"fi":"Suomi","__typename":"CountryName"}},{"id":"6411401019029","ean":"6411401019029","name":"Fazer Geisha hasselpähkinänougat suklaapatukka 37g","price":0.85,"storeId":725782447,"__typename":"Product","approxPrice":false,"basicQuantityUnit":"KPL","comparisonPrice":22.97,"comparisonUnit":"KGM","consumerPackageSize":null,"consumerPackageUnit":null,"priceUnit":"KPL","quantityMultiplier":1,"brandName":"Fazer","slug":"fazer-geisha-hasselpahkinanougat-suklaapatukka-37g","isAgeLimitedByAlcohol":false,"frozen":false,"packagingLabels":["Kierrätysmerkki"],"packagingLabelCodes":["RECYCLABLE_GENERAL_CLAIM"],"hierarchyPath":[{"id":"Herkku_00000333","name":"Suklaapatukat","slug":"makeiset-ja-naposteltavat-1/suklaat/suklaapatukat","__typename":"HierarchyPathItem"},{"id":"Herkku_00000060","name":"Suklaat","slug":"makeiset-ja-naposteltavat-1/suklaat","__typename":"HierarchyPathItem"},{"id":"Herkku_00000009","name":"Makeiset ja naposteltavat","slug":"makeiset-ja-naposteltavat-1","__typename":"HierarchyPathItem"}],"isGlobalFallback":null,"countryName":{"fi":"Suomi","__typename":"CountryName"}},{"id":"6411401019043","ean":"6411401019043","name":"Karl Fazer vadelmajogurtti suklaapatukka 37g","price":0.85,"storeId":725782447,"__typename":"Product","approxPrice":false,"basicQuantityUnit":"KPL","comparisonPrice":22.97,"comparisonUnit":"KGM","consumerPackageSize":null,"consumerPackageUnit":null,"priceUnit":"KPL","quantityMultiplier":1,"brandName":"Karl Fazer","slug":"karl-fazer-vadelmajogurtti-suklaapatukka-37g","isAgeLimitedByAlcohol":false,"frozen":false,"packagingLabels":[],"packagingLabelCodes":[],"hierarchyPath":[{"id":"Herkku_00000333","name":"Suklaapatukat","slug":"makeiset-ja-naposteltavat-1/suklaat/suklaapatukat","__typename":"HierarchyPathItem"},{"id":"Herkku_00000060","name":"Suklaat","slug":"makeiset-ja-naposteltavat-1/suklaat","__typename":"HierarchyPathItem"},{"id":"Herkku_00000009","name":"Makeiset ja naposteltavat","slug":"makeiset-ja-naposteltavat-1","__typename":"HierarchyPathItem"}],"isGlobalFallback":null,"countryName":{"fi":"Suomi","__typename":"CountryName"}},{"id":"6411401019067","ean":"6411401019067","name":"Karl Fazer maitosuklaa ja valkosuklaa suklaapatukka 38g","price":0.85,"storeId":725782447,"__typename":"Product","approxPrice":false,"basicQuantityUnit":"KPL","comparisonPrice":22.37,"comparisonUnit":"KGM","consumerPackageSize":null,"consumerPackageUnit":null,"priceUnit":"KPL","quantityMultiplier":1,"brandName":"Karl Fazer","slug":"karl-fazer-maitosuklaa-ja-valkosuklaa-suklaapatukka-38g","isAgeLimitedByAlcohol":false,"frozen":false,"packagingLabels":[],"packagingLabelCodes":[],"hierarchyPath":[{"id":"Herkku_00000333","name":"Suklaapatukat","slug":"makeiset-ja-naposteltavat-1/suklaat/suklaapatukat","__typename":"HierarchyPathItem"},{"id":"Herkku_00000060","name":"Suklaat","slug":"makeiset-ja-naposteltavat-1/suklaat","__typename":"HierarchyPathItem"},{"id":"Herkku_00000009","name":"Makeiset ja naposteltavat","slug":"makeiset-ja-naposteltavat-1","__typename":"HierarchyPathItem"}],"isGlobalFallback":null,"countryName":{"fi":"Suomi","__typename":"CountryName"}},{"id":"6411401019098","ean":"6411401019098","name":"Fazer Fazerina appelsiinitryffeli suklaapatukka 37g","price":0.85,"storeId":725782447,"__typename":"Product","approxPrice":false,"basicQuantityUnit":"KPL","comparisonPrice":22.97,"comparisonUnit":"KGM","consumerPackageSize":null,"consumerPackageUnit":null,"priceUnit":"KPL","quantityMultiplier":1,"brandName":"Fazer","slug":"fazer-fazerina-appelsiinitryffeli-suklaapatukka-37g","isAgeLimitedByAlcohol":false,"frozen":false,"packagingLabels":[],"packagingLabelCodes":[],"hierarchyPath":[{"id":"Herkku_00000333","name":"Suklaapatukat","slug":"makeiset-ja-naposteltavat-1/suklaat/suklaapatukat","__typename":"HierarchyPathItem"},{"id":"Herkku_00000060","name":"Suklaat","slug":"makeiset-ja-naposteltavat-1/suklaat","__typename":"HierarchyPathItem"},{"id":"Herkku_00000009","name":"Makeiset ja naposteltavat","slug":"makeiset-ja-naposteltavat-1","__typename":"HierarchyPathItem"}],"isGlobalFallback":null,"countryName":{"fi":"Suomi","__typename":"CountryName"}},{"id":"6411401035340","ean":"6411401035340","name":"Fazer Pätkis Bites minttutryffeli suklaa karkkipussi 140g","price":2.15,"storeId":725782447,"__typename":"Product","approxPrice":false,"basicQuantityUnit":"KPL","comparisonPrice":15.36,"comparisonUnit":"KGM","consumerPackageSize":null,"consumerPackageUnit":null,"priceUnit":"KPL","quantityMultiplier":1,"brandName":"Fazer","slug":"fazer-patkis-bites-minttutryffeli-suklaa-karkkipussi-140g","isAgeLimitedByAlcohol":false,"frozen":false,"packagingLabels":[],"packagingLabelCodes":[],"hierarchyPath":[{"id":"Herkku_00000326","name":"Suklaa","slug":"makeiset-ja-naposteltavat-1/karkkipussit/suklaa","__typename":"HierarchyPathItem"},{"id":"Herkku_00000055","name":"Karkkipussit","slug":"makeiset-ja-naposteltavat-1/karkkipussit","__typename":"HierarchyPathItem"},{"id":"Herkku_00000009","name":"Makeiset ja naposteltavat","slug":"makeiset-ja-naposteltavat-1","__typename":"HierarchyPathItem"}],"isGlobalFallback":null,"countryName":{"fi":"Suomi","__typename":"CountryName"}},{"id":"6411401035388","ean":"6411401035388","name":"Fazer Dumle Original 220g maitosuklaalla kuorrutettu toffee","price":3.39,"storeId":725782447,"__typename":"Product","approxPrice":false,"basicQuantityUnit":"KPL","comparisonPrice":15.41,"comparisonUnit":"KGM","consumerPackageSize":null,"consumerPackageUnit":null,"priceUnit":"KPL","quantityMultiplier":1,"brandName":"Fazer","slug":"fazer-dumle-original-220g-maitosuklaalla-kuorrutettu-toffee","isAgeLimitedByAlcohol":false,"frozen":false,"packagingLabels":["Green Dot"," Kierrätysmerkki"],"packagingLabelCodes":["GREEN_DOT"," RECYCLABLE_GENERAL_CLAIM"],"hierarchyPath":[{"id":"Herkku_00000324","name":"Makeissekoituspussit","slug":"makeiset-ja-naposteltavat-1/karkkipussit/makeissekoituspussit","__typename":"HierarchyPathItem"},{"id":"Herkku_00000055","name":"Karkkipussit","slug":"makeiset-ja-naposteltavat-1/karkkipussit","__typename":"HierarchyPathItem"},{"id":"Herkku_00000009","name":"Makeiset ja naposteltavat","slug":"makeiset-ja-naposteltavat-1","__typename":"HierarchyPathItem"}],"isGlobalFallback":null,"countryName":{"fi":"Suomi","__typename":"CountryName"}},{"id":"6411401035890","ean":"6411401035890","name":"Fazer Omar pehmeä toffee karkkipussi 220g","price":3.29,"storeId":725782447,"__typename":"Product","approxPrice":false,"basicQuantityUnit":"KPL","comparisonPrice":14.95,"comparisonUnit":"KGM","consumerPackageSize":null,"consumerPackageUnit":null,"priceUnit":"KPL","quantityMultiplier":1,"brandName":"Fazer","slug":"fazer-omar-pehmea-toffee-karkkipussi-220g","isAgeLimitedByAlcohol":false,"frozen":false,"packagingLabels":["Avainlippu"," Kierrätysmerkki"],"packagingLabelCodes":["MADE_IN_FINLAND_FLAG_WITH_KEY"," RECYCLABLE_GENERAL_CLAIM"],"hierarchyPath":[{"id":"Herkku_00000324","name":"Makeissekoituspussit","slug":"makeiset-ja-naposteltavat-1/karkkipussit/makeissekoituspussit","__typename":"HierarchyPathItem"},{"id":"Herkku_00000055","name":"Karkkipussit","slug":"makeiset-ja-naposteltavat-1/karkkipussit","__typename":"HierarchyPathItem"},{"id":"Herkku_00000009","name":"Makeiset ja naposteltavat","slug":"makeiset-ja-naposteltavat-1","__typename":"HierarchyPathItem"}],"isGlobalFallback":null,"countryName":{"fi":"Suomi","__typename":"CountryName"}},{"id":"6411401036200","ean":"6411401036200","name":"Fazer Ässä Missä X kirpeä hedelmä- ja lakritsikarkkipussi 180g","price":2.05,"storeId":725782447,"__typename":"Product","approxPrice":false,"basicQuantityUnit":"KPL","comparisonPrice":11.39,"comparisonUnit":"KGM","consumerPackageSize":null,"consumerPackageUnit":null,"priceUnit":"KPL","quantityMultiplier":1,"brandName":"Fazer","slug":"fazer-assa-missa-x-kirpea-hedelma-ja-lakritsikarkkipussi-180g","isAgeLimitedByAlcohol":false,"frozen":false,"packagingLabels":["Avainlippu"," Kierrätysmerkki"],"packagingLabelCodes":["MADE_IN_FINLAND_FLAG_WITH_KEY"," RECYCLABLE_GENERAL_CLAIM"],"hierarchyPath":[{"id":"Herkku_00000320","name":"Kirpeät","slug":"makeiset-ja-naposteltavat-1/karkkipussit/kirpeat","__typename":"HierarchyPathItem"},{"id":"Herkku_00000055","name":"Karkkipussit","slug":"makeiset-ja-naposteltavat-1/karkkipussit","__typename":"HierarchyPathItem"},{"id":"Herkku_00000009","name":"Makeiset ja naposteltavat","slug":"makeiset-ja-naposteltavat-1","__typename":"HierarchyPathItem"}],"isGlobalFallback":null,"countryName":{"fi":"Suomi","__typename":"CountryName"}},{"id":"6411401036224","ean":"6411401036224","name":"Fazer Pantteri salmiakki karkkipussi 180g","price":2.05,"storeId":725782447,"__typename":"Product","approxPrice":false,"basicQuantityUnit":"KPL","comparisonPrice":11.39,"comparisonUnit":"KGM","consumerPackageSize":null,"consumerPackageUnit":null,"priceUnit":"KPL","quantityMultiplier":1,"brandName":"Fazer","slug":"fazer-pantteri-salmiakki-karkkipussi-180g","isAgeLimitedByAlcohol":false,"frozen":false,"packagingLabels":["Avainlippu"," Kierrätysmerkki"],"packagingLabelCodes":["MADE_IN_FINLAND_FLAG_WITH_KEY"," RECYCLABLE_GENERAL_CLAIM"],"hierarchyPath":[{"id":"Herkku_00000325","name":"Salmiakki ja lakritsi","slug":"makeiset-ja-naposteltavat-1/karkkipussit/salmiakki-ja-lakritsi","__typename":"HierarchyPathItem"},{"id":"Herkku_00000055","name":"Karkkipussit","slug":"makeiset-ja-naposteltavat-1/karkkipussit","__typename":"HierarchyPathItem"},{"id":"Herkku_00000009","name":"Makeiset ja naposteltavat","slug":"makeiset-ja-naposteltavat-1","__typename":"HierarchyPathItem"}],"isGlobalFallback":null,"countryName":{"fi":"Suomi","__typename":"CountryName"}},{"id":"6411401036248","ean":"6411401036248","name":"Fazer Ässä Mix hedelmä- ja lakritsimakeisia 180g","price":2.05,"storeId":725782447,"__typename":"Product","approxPrice":false,"basicQuantityUnit":"KPL","comparisonPrice":11.39,"comparisonUnit":"KGM","consumerPackageSize":null,"consumerPackageUnit":null,"priceUnit":"KPL","quantityMultiplier":1,"brandName":"Fazer","slug":"fazer-assa-mix-hedelma-ja-lakritsimakeisia-180g","isAgeLimitedByAlcohol":false,"frozen":false,"packagingLabels":["Avainlippu"," Kierrätysmerkki"],"packagingLabelCodes":["MADE_IN_FINLAND_FLAG_WITH_KEY"," RECYCLABLE_GENERAL_CLAIM"],"hierarchyPath":[{"id":"Herkku_00000322","name":"Hedelmä","slug":"makeiset-ja-naposteltavat-1/karkkipussit/hedelma","__typename":"HierarchyPathItem"},{"id":"Herkku_00000055","name":"Karkkipussit","slug":"makeiset-ja-naposteltavat-1/karkkipussit","__typename":"HierarchyPathItem"},{"id":"Herkku_00000009","name":"Makeiset ja naposteltavat","slug":"makeiset-ja-naposteltavat-1","__typename":"HierarchyPathItem"}],"isGlobalFallback":null,"countryName":{"fi":"Suomi","__typename":"CountryName"}},{"id":"6411401037115","ean":"6411401037115","name":"Fazer Salmiakki pastilli 40g","price":1.25,"storeId":725782447,"__typename":"Product","approxPrice":false,"basicQuantityUnit":"KPL","comparisonPrice":31.25,"comparisonUnit":"KGM","consumerPackageSize":null,"consumerPackageUnit":null,"priceUnit":"KPL","quantityMultiplier":1,"brandName":"Fazer","slug":"fazer-salmiakki-pastilli-40g","isAgeLimitedByAlcohol":false,"frozen":false,"packagingLabels":["Avainlippu"," Kierrätysmerkki"],"packagingLabelCodes":["MADE_IN_FINLAND_FLAG_WITH_KEY"," RECYCLABLE_GENERAL_CLAIM"],"hierarchyPath":[{"id":"Herkku_00000329","name":"Muut pastillit","slug":"makeiset-ja-naposteltavat-1/pastillit/muut-pastillit","__typename":"HierarchyPathItem"},{"id":"Herkku_00000058","name":"Pastillit","slug":"makeiset-ja-naposteltavat-1/pastillit","__typename":"HierarchyPathItem"},{"id":"Herkku_00000009","name":"Makeiset ja naposteltavat","slug":"makeiset-ja-naposteltavat-1","__typename":"HierarchyPathItem"}],"isGlobalFallback":null,"countryName":{"fi":"Suomi","__typename":"CountryName"}},{"id":"6411401037320","ean":"6411401037320","name":"Fazer Salmiakki Mix salmiakki karkkipussi 180g","price":2.05,"storeId":725782447,"__typename":"Product","approxPrice":false,"basicQuantityUnit":"KPL","comparisonPrice":11.39,"comparisonUnit":"KGM","consumerPackageSize":null,"consumerPackageUnit":null,"priceUnit":"KPL","quantityMultiplier":1,"brandName":"Fazer","slug":"fazer-salmiakki-mix-salmiakki-karkkipussi-180g","isAgeLimitedByAlcohol":false,"frozen":false,"packagingLabels":["Avainlippu"," Kierrätysmerkki"],"packagingLabelCodes":["MADE_IN_FINLAND_FLAG_WITH_KEY"," RECYCLABLE_GENERAL_CLAIM"],"hierarchyPath":[{"id":"Herkku_00000325","name":"Salmiakki ja lakritsi","slug":"makeiset-ja-naposteltavat-1/karkkipussit/salmiakki-ja-lakritsi","__typename":"HierarchyPathItem"},{"id":"Herkku_00000055","name":"Karkkipussit","slug":"makeiset-ja-naposteltavat-1/karkkipussit","__typename":"HierarchyPathItem"},{"id":"Herkku_00000009","name":"Makeiset ja naposteltavat","slug":"makeiset-ja-naposteltavat-1","__typename":"HierarchyPathItem"}],"isGlobalFallback":null,"countryName":{"fi":"Suomi","__typename":"CountryName"}},{"id":"6411401037870","ean":"6411401037870","name":"Fazer Tutti Frutti Yoghurt Splash karkkipussi 350g","price":3.35,"storeId":725782447,"__typename":"Product","approxPrice":false,"basicQuantityUnit":"KPL","comparisonPrice":9.57,"comparisonUnit":"KGM","consumerPackageSize":null,"consumerPackageUnit":null,"priceUnit":"KPL","quantityMultiplier":1,"brandName":"Fazer","slug":"fazer-tutti-frutti-yoghurt-splash-karkkipussi-350g","isAgeLimitedByAlcohol":false,"frozen":false,"packagingLabels":["Avainlippu"," Green Dot"],"packagingLabelCodes":["GREEN_DOT"," MADE_IN_FINLAND_FLAG_WITH_KEY"],"hierarchyPath":[{"id":"Herkku_00000322","name":"Hedelmä","slug":"makeiset-ja-naposteltavat-1/karkkipussit/hedelma","__typename":"HierarchyPathItem"},{"id":"Herkku_00000055","name":"Karkkipussit","slug":"makeiset-ja-naposteltavat-1/karkkipussit","__typename":"HierarchyPathItem"},{"id":"Herkku_00000009","name":"Makeiset ja naposteltavat","slug":"makeiset-ja-naposteltavat-1","__typename":"HierarchyPathItem"}],"isGlobalFallback":null,"countryName":{"fi":"Suomi","__typename":"CountryName"}},{"id":"6411401042324","ean":"6411401042324","name":"Fazer Vihreitä kuulia marmeladi 260g","price":3.95,"storeId":725782447,"__typename":"Product","approxPrice":false,"basicQuantityUnit":"KPL","comparisonPrice":15.19,"comparisonUnit":"KGM","consumerPackageSize":null,"consumerPackageUnit":null,"priceUnit":"KPL","quantityMultiplier":1,"brandName":"Fazer","slug":"fazer-vihreita-kuulia-marmeladi-260g","isAgeLimitedByAlcohol":false,"frozen":false,"packagingLabels":["Green Dot"," Kierrätysmerkki"],"packagingLabelCodes":["GREEN_DOT"," RECYCLABLE_GENERAL_CLAIM"],"hierarchyPath":[{"id":"Herkku_00000340","name":"Sokerimakeiset","slug":"makeiset-ja-naposteltavat-1/sesonki-ja-lahjamakeiset/sokerimakeiset","__typename":"HierarchyPathItem"},{"id":"Herkku_00000061","name":"Sesonki- ja lahjamakeiset","slug":"makeiset-ja-naposteltavat-1/sesonki-ja-lahjamakeiset","__typename":"HierarchyPathItem"},{"id":"Herkku_00000009","name":"Makeiset ja naposteltavat","slug":"makeiset-ja-naposteltavat-1","__typename":"HierarchyPathItem"}],"isGlobalFallback":null,"countryName":{"fi":"Suomi","__typename":"CountryName"}},{"id":"6411401061011","ean":"6411401061011","name":"Fazer Moomin Mustikka-vadelma lakritsi 20g","price":0.35,"storeId":725782447,"__typename":"Product","approxPrice":false,"basicQuantityUnit":"KPL","comparisonPrice":17.5,"comparisonUnit":"KGM","consumerPackageSize":null,"consumerPackageUnit":null,"priceUnit":"KPL","quantityMultiplier":1,"brandName":"Fazer","slug":"fazer-moomin-mustikka-vadelma-lakritsi-20g","isAgeLimitedByAlcohol":false,"frozen":false,"packagingLabels":["Avainlippu"," Green Dot"," Kierrätysmerkki"],"packagingLabelCodes":["GREEN_DOT"," MADE_IN_FINLAND_FLAG_WITH_KEY"," RECYCLABLE_GENERAL_CLAIM"],"hierarchyPath":[{"id":"Herkku_00000318","name":"Lakritsi","slug":"makeiset-ja-naposteltavat-1/muut-makeiset/lakritsi","__typename":"HierarchyPathItem"},{"id":"Herkku_00000057","name":"Muut makeiset","slug":"makeiset-ja-naposteltavat-1/muut-makeiset","__typename":"HierarchyPathItem"},{"id":"Herkku_00000009","name":"Makeiset ja naposteltavat","slug":"makeiset-ja-naposteltavat-1","__typename":"HierarchyPathItem"}],"isGlobalFallback":null,"countryName":{"fi":"Suomi","__typename":"CountryName"}},{"id":"6411401061066","ean":"6411401061066","name":"Fazer Tyrkisk Peber salmiakkilakritsi 20g","price":0.35,"storeId":725782447,"__typename":"Product","approxPrice":false,"basicQuantityUnit":"KPL","comparisonPrice":17.5,"comparisonUnit":"KGM","consumerPackageSize":null,"consumerPackageUnit":null,"priceUnit":"KPL","quantityMultiplier":1,"brandName":"Fazer","slug":"fazer-tyrkisk-peber-salmiakkilakritsi-20g","isAgeLimitedByAlcohol":false,"frozen":false,"packagingLabels":["Green Dot"," Kierrätysmerkki"],"packagingLabelCodes":["GREEN_DOT"," RECYCLABLE_GENERAL_CLAIM"],"hierarchyPath":[{"id":"Herkku_00000318","name":"Lakritsi","slug":"makeiset-ja-naposteltavat-1/muut-makeiset/lakritsi","__typename":"HierarchyPathItem"},{"id":"Herkku_00000057","name":"Muut makeiset","slug":"makeiset-ja-naposteltavat-1/muut-makeiset","__typename":"HierarchyPathItem"},{"id":"Herkku_00000009","name":"Makeiset ja naposteltavat","slug":"makeiset-ja-naposteltavat-1","__typename":"HierarchyPathItem"}],"isGlobalFallback":null,"countryName":{"fi":"Suomi","__typename":"CountryName"}},{"id":"6411401085260","ean":"6411401085260","name":"Fazer Moomin kuviokeksi 175g","price":2.85,"storeId":725782447,"__typename":"Product","approxPrice":false,"basicQuantityUnit":"KPL","comparisonPrice":16.29,"comparisonUnit":"KGM","consumerPackageSize":null,"consumerPackageUnit":null,"priceUnit":"KPL","quantityMultiplier":1,"brandName":"Fazer","slug":"fazer-moomin-kuviokeksi-175g","isAgeLimitedByAlcohol":false,"frozen":false,"packagingLabels":["Avainlippu"," Kierrätysmerkki"],"packagingLabelCodes":["MADE_IN_FINLAND_FLAG_WITH_KEY"," RECYCLABLE_GENERAL_CLAIM"],"hierarchyPath":[{"id":"1591691253758969","name":"Lasten keksit","slug":"leivat-keksit-ja-leivonnaiset-1/keksit/lasten-keksit","__typename":"HierarchyPathItem"},{"id":"Herkku_00000065","name":"Keksit","slug":"leivat-keksit-ja-leivonnaiset-1/keksit","__typename":"HierarchyPathItem"},{"id":"Herkku_00000008","name":"Leivät, keksit ja leivonnaiset","slug":"leivat-keksit-ja-leivonnaiset-1","__typename":"HierarchyPathItem"}],"isGlobalFallback":null,"countryName":{"fi":"Suomi","__typename":"CountryName"}},{"id":"6411401092282","ean":"6411401092282","name":"Fazer Suffeli suklaavohveli 21g","price":0.55,"storeId":725782447,"__typename":"Product","approxPrice":false,"basicQuantityUnit":"KPL","comparisonPrice":26.19,"comparisonUnit":"KGM","consumerPackageSize":null,"consumerPackageUnit":null,"priceUnit":"KPL","quantityMultiplier":1,"brandName":"Fazer","slug":"fazer-suffeli-suklaavohveli-21g","isAgeLimitedByAlcohol":false,"frozen":false,"packagingLabels":[],"packagingLabelCodes":[],"hierarchyPath":[{"id":"Herkku_00000333","name":"Suklaapatukat","slug":"makeiset-ja-naposteltavat-1/suklaat/suklaapatukat","__typename":"HierarchyPathItem"},{"id":"Herkku_00000060","name":"Suklaat","slug":"makeiset-ja-naposteltavat-1/suklaat","__typename":"HierarchyPathItem"},{"id":"Herkku_00000009","name":"Makeiset ja naposteltavat","slug":"makeiset-ja-naposteltavat-1","__typename":"HierarchyPathItem"}],"isGlobalFallback":null,"countryName":{"fi":"Suomi","__typename":"CountryName"}},{"id":"6411402105103","ean":"6411402105103","name":"Oululainen Jälkiuuni Alkuperäinen Jälkiuunipala 4kpl 240g, täysjyväruisleipä","price":2.05,"storeId":725782447,"__typename":"Product","approxPrice":false,"basicQuantityUnit":"KPL","comparisonPrice":8.54,"comparisonUnit":"KGM","consumerPackageSize":null,"consumerPackageUnit":null,"priceUnit":"KPL","quantityMultiplier":1,"brandName":"Oululainen","slug":"oululainen-jalkiuuni-alkuperainen-jalkiuunipala-4kpl-240g-taysjyvaruisleipa","isAgeLimitedByAlcohol":false,"frozen":false,"packagingLabels":["Hyvää Suomesta (Sininen Joutsen)"],"packagingLabelCodes":["GOODS_FROM_FINLAND_BLUE_SWAN"],"hierarchyPath":[{"id":"StructureGroup_507756644163854","name":"Tummat leivät","slug":"leivat-keksit-ja-leivonnaiset-1/leivat/tummat-leivat","__typename":"HierarchyPathItem"},{"id":"StructureGroup_1796559627347513","name":"Leivät","slug":"leivat-keksit-ja-leivonnaiset-1/leivat","__typename":"HierarchyPathItem"},{"id":"Herkku_00000008","name":"Leivät, keksit ja leivonnaiset","slug":"leivat-keksit-ja-leivonnaiset-1","__typename":"HierarchyPathItem"}],"isGlobalFallback":null,"countryName":{"fi":"Suomi","__typename":"CountryName"}},{"id":"6411402117700","ean":"6411402117700","name":"Fazer Real  Ruis 420g, täysjyväruisleipä","price":2.35,"storeId":725782447,"__typename":"Product","approxPrice":false,"basicQuantityUnit":"KPL","comparisonPrice":5.6,"comparisonUnit":"KGM","consumerPackageSize":null,"consumerPackageUnit":null,"priceUnit":"KPL","quantityMultiplier":1,"brandName":"Fazer Real","slug":"fazer-real-ruis-420g-taysjyvaruisleipa","isAgeLimitedByAlcohol":false,"frozen":false,"packagingLabels":["Hyvää Suomesta (Sininen Joutsen)"," Sydänmerkki"],"packagingLabelCodes":["FINNISH_HEART_SYMBOL"," GOODS_FROM_FINLAND_BLUE_SWAN"],"hierarchyPath":[{"id":"StructureGroup_507756644163854","name":"Tummat leivät","slug":"leivat-keksit-ja-leivonnaiset-1/leivat/tummat-leivat","__typename":"HierarchyPathItem"},{"id":"StructureGroup_1796559627347513","name":"Leivät","slug":"leivat-keksit-ja-leivonnaiset-1/leivat","__typename":"HierarchyPathItem"},{"id":"Herkku_00000008","name":"Leivät, keksit ja leivonnaiset","slug":"leivat-keksit-ja-leivonnaiset-1","__typename":"HierarchyPathItem"}],"isGlobalFallback":null,"countryName":{"fi":"Suomi","__typename":"CountryName"}},{"id":"6411402156006","ean":"6411402156006","name":"Oululainen Äitimuorin Herkkulimppu 450g, maustettu limppu","price":2.59,"storeId":725782447,"__typename":"Product","approxPrice":false,"basicQuantityUnit":"KPL","comparisonPrice":5.76,"comparisonUnit":"KGM","consumerPackageSize":null,"consumerPackageUnit":null,"priceUnit":"KPL","quantityMultiplier":1,"brandName":"Oululainen","slug":"oululainen-aitimuorin-herkkulimppu-450g-maustettu-limppu","isAgeLimitedByAlcohol":false,"frozen":false,"packagingLabels":["Hyvää Suomesta (Sininen Joutsen)"],"packagingLabelCodes":["GOODS_FROM_FINLAND_BLUE_SWAN"],"hierarchyPath":[{"id":"StructureGroup_507756644163854","name":"Tummat leivät","slug":"leivat-keksit-ja-leivonnaiset-1/leivat/tummat-leivat","__typename":"HierarchyPathItem"},{"id":"StructureGroup_1796559627347513","name":"Leivät","slug":"leivat-keksit-ja-leivonnaiset-1/leivat","__typename":"HierarchyPathItem"},{"id":"Herkku_00000008","name":"Leivät, keksit ja leivonnaiset","slug":"leivat-keksit-ja-leivonnaiset-1","__typename":"HierarchyPathItem"}],"isGlobalFallback":null,"countryName":{"fi":"Suomi","__typename":"CountryName"}},{"id":"6411402159403","ean":"6411402159403","name":"Fazer Paahto Viisi viljaa 505g, paahtoleipä","price":2.45,"storeId":725782447,"__typename":"Product","approxPrice":false,"basicQuantityUnit":"KPL","comparisonPrice":4.85,"comparisonUnit":"KGM","consumerPackageSize":null,"consumerPackageUnit":null,"priceUnit":"KPL","quantityMultiplier":1,"brandName":"Fazer Paahto","slug":"fazer-paahto-viisi-viljaa-505g-paahtoleipa","isAgeLimitedByAlcohol":false,"frozen":false,"packagingLabels":["Hyvää Suomesta (Sininen Joutsen)"],"packagingLabelCodes":["GOODS_FROM_FINLAND_BLUE_SWAN"],"hierarchyPath":[{"id":"1591691250986228","name":"Paahtoleivät","slug":"leivat-keksit-ja-leivonnaiset-1/leivat/paahtoleivat","__typename":"HierarchyPathItem"},{"id":"StructureGroup_1796559627347513","name":"Leivät","slug":"leivat-keksit-ja-leivonnaiset-1/leivat","__typename":"HierarchyPathItem"},{"id":"Herkku_00000008","name":"Leivät, keksit ja leivonnaiset","slug":"leivat-keksit-ja-leivonnaiset-1","__typename":"HierarchyPathItem"}],"isGlobalFallback":null,"countryName":{"fi":"Suomi","__typename":"CountryName"}},{"id":"6411402164803","ean":"6411402164803","name":"Oululainen Reilu Täysjyvä 550g, täysjyväleipä","price":2.4,"storeId":725782447,"__typename":"Product","approxPrice":false,"basicQuantityUnit":"KPL","comparisonPrice":4.36,"comparisonUnit":"KGM","consumerPackageSize":null,"consumerPackageUnit":null,"priceUnit":"KPL","quantityMultiplier":1,"brandName":"Oululainen","slug":"oululainen-reilu-taysjyva-550g-taysjyvaleipa","isAgeLimitedByAlcohol":false,"frozen":false,"packagingLabels":["Hyvää Suomesta (Sininen Joutsen)"," Sydänmerkki"],"packagingLabelCodes":["FINNISH_HEART_SYMBOL"," GOODS_FROM_FINLAND_BLUE_SWAN"],"hierarchyPath":[{"id":"1591691250986231","name":"Sekaleivät","slug":"leivat-keksit-ja-leivonnaiset-1/leivat/sekaleivat","__typename":"HierarchyPathItem"},{"id":"StructureGroup_1796559627347513","name":"Leivät","slug":"leivat-keksit-ja-leivonnaiset-1/leivat","__typename":"HierarchyPathItem"},{"id":"Herkku_00000008","name":"Leivät, keksit ja leivonnaiset","slug":"leivat-keksit-ja-leivonnaiset-1","__typename":"HierarchyPathItem"}],"isGlobalFallback":null,"countryName":{"fi":"Suomi","__typename":"CountryName"}},{"id":"6411402164902","ean":"6411402164902","name":"Oululainen Reilu Vehnä 500g, vehnäleipä","price":2.4,"storeId":725782447,"__typename":"Product","approxPrice":false,"basicQuantityUnit":"KPL","comparisonPrice":4.8,"comparisonUnit":"KGM","consumerPackageSize":null,"consumerPackageUnit":null,"priceUnit":"KPL","quantityMultiplier":1,"brandName":"Oululainen","slug":"oululainen-reilu-vehna-500g-vehnaleipa","isAgeLimitedByAlcohol":false,"frozen":false,"packagingLabels":["Hyvää Suomesta (Sininen Joutsen)"],"packagingLabelCodes":["GOODS_FROM_FINLAND_BLUE_SWAN"],"hierarchyPath":[{"id":"1591691250986231","name":"Sekaleivät","slug":"leivat-keksit-ja-leivonnaiset-1/leivat/sekaleivat","__typename":"HierarchyPathItem"},{"id":"StructureGroup_1796559627347513","name":"Leivät","slug":"leivat-keksit-ja-leivonnaiset-1/leivat","__typename":"HierarchyPathItem"},{"id":"Herkku_00000008","name":"Leivät, keksit ja leivonnaiset","slug":"leivat-keksit-ja-leivonnaiset-1","__typename":"HierarchyPathItem"}],"isGlobalFallback":null,"countryName":{"fi":"Suomi","__typename":"CountryName"}},{"id":"6411402180902","ean":"6411402180902","name":"Fazer Juustosämpylä 5kpl 350g","price":2.79,"storeId":725782447,"__typename":"Product","approxPrice":false,"basicQuantityUnit":"KPL","comparisonPrice":7.97,"comparisonUnit":"KGM","consumerPackageSize":null,"consumerPackageUnit":null,"priceUnit":"KPL","quantityMultiplier":1,"brandName":"Fazer","slug":"fazer-juustosampyla-5kpl-350g","isAgeLimitedByAlcohol":false,"frozen":false,"packagingLabels":["Avainlippu"],"packagingLabelCodes":["MADE_IN_FINLAND_FLAG_WITH_KEY"],"hierarchyPath":[{"id":"1591691250986233","name":"Sämpylät","slug":"leivat-keksit-ja-leivonnaiset-1/leivat/sampylat","__typename":"HierarchyPathItem"},{"id":"StructureGroup_1796559627347513","name":"Leivät","slug":"leivat-keksit-ja-leivonnaiset-1/leivat","__typename":"HierarchyPathItem"},{"id":"Herkku_00000008","name":"Leivät, keksit ja leivonnaiset","slug":"leivat-keksit-ja-leivonnaiset-1","__typename":"HierarchyPathItem"}],"isGlobalFallback":null,"countryName":{"fi":"Suomi","__typename":"CountryName"}},{"id":"6411402197108","ean":"6411402197108","name":"Oululainen Reissumies Täysjyväruis 4kpl 235g, täysjyväruisleipä","price":0.75,"storeId":725782447,"__typename":"Product","approxPrice":false,"basicQuantityUnit":"KPL","comparisonPrice":3.19,"comparisonUnit":"KGM","consumerPackageSize":null,"consumerPackageUnit":null,"priceUnit":"KPL","quantityMultiplier":1,"brandName":"Oululainen Reissumies","slug":"oululainen-reissumies-taysjyvaruis-4kpl-235g-taysjyvaruisleipa","isAgeLimitedByAlcohol":false,"frozen":false,"packagingLabels":["Hyvää Suomesta (Sininen Joutsen)"],"packagingLabelCodes":["GOODS_FROM_FINLAND_BLUE_SWAN"],"hierarchyPath":[{"id":"StructureGroup_507756644163854","name":"Tummat leivät","slug":"leivat-keksit-ja-leivonnaiset-1/leivat/tummat-leivat","__typename":"HierarchyPathItem"},{"id":"StructureGroup_1796559627347513","name":"Leivät","slug":"leivat-keksit-ja-leivonnaiset-1/leivat","__typename":"HierarchyPathItem"},{"id":"Herkku_00000008","name":"Leivät, keksit ja leivonnaiset","slug":"leivat-keksit-ja-leivonnaiset-1","__typename":"HierarchyPathItem"}],"isGlobalFallback":null,"countryName":{"fi":"Suomi","__typename":"CountryName"}},{"id":"6411402202208","ean":"6411402202208","name":"Fazer Puikula Täysjyväruis 9kpl 500g, täysjyväruisleipä","price":2.29,"storeId":725782447,"__typename":"Product","approxPrice":false,"basicQuantityUnit":"KPL","comparisonPrice":4.58,"comparisonUnit":"KGM","consumerPackageSize":null,"consumerPackageUnit":null,"priceUnit":"KPL","quantityMultiplier":1,"brandName":"Fazer","slug":"fazer-puikula-taysjyvaruis-9kpl-500g-taysjyvaruisleipa","isAgeLimitedByAlcohol":false,"frozen":false,"packagingLabels":["Hyvää Suomesta (Sininen Joutsen)"],"packagingLabelCodes":["GOODS_FROM_FINLAND_BLUE_SWAN"],"hierarchyPath":[{"id":"StructureGroup_507756644163854","name":"Tummat leivät","slug":"leivat-keksit-ja-leivonnaiset-1/leivat/tummat-leivat","__typename":"HierarchyPathItem"},{"id":"StructureGroup_1796559627347513","name":"Leivät","slug":"leivat-keksit-ja-leivonnaiset-1/leivat","__typename":"HierarchyPathItem"},{"id":"Herkku_00000008","name":"Leivät, keksit ja leivonnaiset","slug":"leivat-keksit-ja-leivonnaiset-1","__typename":"HierarchyPathItem"}],"isGlobalFallback":null,"countryName":{"fi":"Suomi","__typename":"CountryName"}},{"id":"6411402232304","ean":"6411402232304","name":"Oululainen Pullava viipaloitu 450g, vehnäpitko","price":3.65,"storeId":725782447,"__typename":"Product","approxPrice":false,"basicQuantityUnit":"KPL","comparisonPrice":8.11,"comparisonUnit":"KGM","consumerPackageSize":null,"consumerPackageUnit":null,"priceUnit":"KPL","quantityMultiplier":1,"brandName":"Oululainen Pullava","slug":"oululainen-pullava-viipaloitu-450g-vehnapitko","isAgeLimitedByAlcohol":false,"frozen":false,"packagingLabels":["Hyvää Suomesta (Sininen Joutsen)"," Sydänmerkki"],"packagingLabelCodes":["FINNISH_HEART_SYMBOL"," GOODS_FROM_FINLAND_BLUE_SWAN"],"hierarchyPath":[{"id":"Herkku_00000938","name":"Pitkot ja täytepitkot","slug":"leivat-keksit-ja-leivonnaiset-1/leivonnaiset/pitkot-ja-taytepitkot","__typename":"HierarchyPathItem"},{"id":"Herkku_00000152","name":"Leivonnaiset","slug":"leivat-keksit-ja-leivonnaiset-1/leivonnaiset","__typename":"HierarchyPathItem"},{"id":"Herkku_00000008","name":"Leivät, keksit ja leivonnaiset","slug":"leivat-keksit-ja-leivonnaiset-1","__typename":"HierarchyPathItem"}],"isGlobalFallback":null,"countryName":{"fi":"Suomi","__typename":"CountryName"}},{"id":"6411402578525","ean":"6411402578525","name":"Fazer Imatran Riisipiirakka 6kpl 420g","price":2.59,"storeId":725782447,"__typename":"Product","approxPrice":false,"basicQuantityUnit":"KPL","comparisonPrice":6.17,"comparisonUnit":"KGM","consumerPackageSize":null,"consumerPackageUnit":null,"priceUnit":"KPL","quantityMultiplier":1,"brandName":"Fazer","slug":"fazer-imatran-riisipiirakka-6kpl-420g","isAgeLimitedByAlcohol":false,"frozen":false,"packagingLabels":["Avainlippu"],"packagingLabelCodes":["MADE_IN_FINLAND_FLAG_WITH_KEY"],"hierarchyPath":[{"id":"1591691237074427","name":"Piirakat ja pasteijat","slug":"valmisruoka-1/valmisateriat-ja-keitot/piirakat-ja-pasteijat","__typename":"HierarchyPathItem"},{"id":"1591691237074396","name":"Valmisateriat ja -keitot","slug":"valmisruoka-1/valmisateriat-ja-keitot","__typename":"HierarchyPathItem"},{"id":"StructureGroup_1356670909914497","name":"Valmisruoka","slug":"valmisruoka-1","__typename":"HierarchyPathItem"}],"isGlobalFallback":null,"countryName":{"fi":"Suomi","__typename":"CountryName"}},{"id":"6411402756800","ean":"6411402756800","name":"Fazer Vuoksen Riisipiirakka 9kpl 330g","price":2.59,"storeId":725782447,"__typename":"Product","approxPrice":false,"basicQuantityUnit":"KPL","comparisonPrice":7.85,"comparisonUnit":"KGM","consumerPackageSize":null,"consumerPackageUnit":null,"priceUnit":"KPL","quantityMultiplier":1,"brandName":"Fazer","slug":"fazer-vuoksen-riisipiirakka-9kpl-330g","isAgeLimitedByAlcohol":false,"frozen":false,"packagingLabels":["Avainlippu"],"packagingLabelCodes":["MADE_IN_FINLAND_FLAG_WITH_KEY"],"hierarchyPath":[{"id":"1591691237074427","name":"Piirakat ja pasteijat","slug":"valmisruoka-1/valmisateriat-ja-keitot/piirakat-ja-pasteijat","__typename":"HierarchyPathItem"},{"id":"1591691237074396","name":"Valmisateriat ja -keitot","slug":"valmisruoka-1/valmisateriat-ja-keitot","__typename":"HierarchyPathItem"},{"id":"StructureGroup_1356670909914497","name":"Valmisruoka","slug":"valmisruoka-1","__typename":"HierarchyPathItem"}],"isGlobalFallback":null,"countryName":{"fi":"Suomi","__typename":"CountryName"}},{"id":"6411410000407","ean":"6411410000407","name":"Hunajainen SAM Kesäkukka Hunaja 500g","price":5.89,"storeId":725782447,"__typename":"Product","approxPrice":false,"basicQuantityUnit":"KPL","comparisonPrice":11.78,"comparisonUnit":"KGM","consumerPackageSize":null,"consumerPackageUnit":null,"priceUnit":"KPL","quantityMultiplier":1,"brandName":"Hunajainen Sam","slug":"hunajainen-sam-kesakukka-hunaja-500g","isAgeLimitedByAlcohol":false,"frozen":false,"packagingLabels":[],"packagingLabelCodes":[],"hierarchyPath":[{"id":"Herkku_00000448","name":"Hunajat","slug":"kuivatuotteet-ja-leivonta-1/sokerit-makeutusaineet-ja-hunaja/hunajat","__typename":"HierarchyPathItem"},{"id":"Herkku_00000084","name":"Sokerit, makeutusaineet ja hunaja","slug":"kuivatuotteet-ja-leivonta-1/sokerit-makeutusaineet-ja-hunaja","__typename":"HierarchyPathItem"},{"id":"Herkku_00000007","name":"Kuivatuotteet ja leivonta","slug":"kuivatuotteet-ja-leivonta-1","__typename":"HierarchyPathItem"}],"isGlobalFallback":null,"countryName":{"fi":"Kuuba","__typename":"CountryName"}},{"id":"6411410000575","ean":"6411410000575","name":"Hunajainen SAM Reilun Kaupan Hunaja 250g","price":3.99,"storeId":725782447,"__typename":"Product","approxPrice":false,"basicQuantityUnit":"KPL","comparisonPrice":15.96,"comparisonUnit":"KGM","consumerPackageSize":null,"consumerPackageUnit":null,"priceUnit":"KPL","quantityMultiplier":1,"brandName":"Hunajainen Sam","slug":"hunajainen-sam-reilun-kaupan-hunaja-250g","isAgeLimitedByAlcohol":false,"frozen":false,"packagingLabels":["Reilu Kauppa"],"packagingLabelCodes":["FAIR_TRADE_MARK"],"hierarchyPath":[{"id":"Herkku_00000448","name":"Hunajat","slug":"kuivatuotteet-ja-leivonta-1/sokerit-makeutusaineet-ja-hunaja/hunajat","__typename":"HierarchyPathItem"},{"id":"Herkku_00000084","name":"Sokerit, makeutusaineet ja hunaja","slug":"kuivatuotteet-ja-leivonta-1/sokerit-makeutusaineet-ja-hunaja","__typename":"HierarchyPathItem"},{"id":"Herkku_00000007","name":"Kuivatuotteet ja leivonta","slug":"kuivatuotteet-ja-leivonta-1","__typename":"HierarchyPathItem"}],"isGlobalFallback":null,"countryName":{"fi":"Argentiina","__typename":"CountryName"}},{"id":"6411600954510","ean":"6411600954510","name":"Turun Sinappia Mieto Sinappi Valmistettu Suomessa 275 g","price":2.49,"storeId":725782447,"__typename":"Product","approxPrice":false,"basicQuantityUnit":"KPL","comparisonPrice":9.05,"comparisonUnit":"KGM","consumerPackageSize":null,"consumerPackageUnit":null,"priceUnit":"KPL","quantityMultiplier":1,"brandName":"Turun Sinappi","slug":"turun-sinappia-mieto-sinappi-valmistettu-suomessa-275-g","isAgeLimitedByAlcohol":false,"frozen":false,"packagingLabels":["Avainlippu"],"packagingLabelCodes":["MADE_IN_FINLAND_FLAG_WITH_KEY"],"hierarchyPath":[{"id":"Herkku_00000424","name":"Sinapit","slug":"oljyt-mausteet-maustaminen-1/ketsupit-ja-sinapit/sinapit","__typename":"HierarchyPathItem"},{"id":"Herkku_00000077","name":"Ketsupit ja sinapit","slug":"oljyt-mausteet-maustaminen-1/ketsupit-ja-sinapit","__typename":"HierarchyPathItem"},{"id":"Herkku_00000011","name":"Öljyt, mausteet, maustaminen","slug":"oljyt-mausteet-maustaminen-1","__typename":"HierarchyPathItem"}],"isGlobalFallback":null,"countryName":{"fi":"Suomi","__typename":"CountryName"}},{"id":"6411600954527","ean":"6411600954527","name":"Turun Sinappia Väkevä Sinappi Valmistettu Suomessa 275 g","price":2.49,"storeId":725782447,"__typename":"Product","approxPrice":false,"basicQuantityUnit":"KPL","comparisonPrice":9.05,"comparisonUnit":"KGM","consumerPackageSize":null,"consumerPackageUnit":null,"priceUnit":"KPL","quantityMultiplier":1,"brandName":"Turun Sinappi","slug":"turun-sinappia-vakeva-sinappi-valmistettu-suomessa-275-g","isAgeLimitedByAlcohol":false,"frozen":false,"packagingLabels":["Avainlippu"],"packagingLabelCodes":["MADE_IN_FINLAND_FLAG_WITH_KEY"],"hierarchyPath":[{"id":"Herkku_00000424","name":"Sinapit","slug":"oljyt-mausteet-maustaminen-1/ketsupit-ja-sinapit/sinapit","__typename":"HierarchyPathItem"},{"id":"Herkku_00000077","name":"Ketsupit ja sinapit","slug":"oljyt-mausteet-maustaminen-1/ketsupit-ja-sinapit","__typename":"HierarchyPathItem"},{"id":"Herkku_00000011","name":"Öljyt, mausteet, maustaminen","slug":"oljyt-mausteet-maustaminen-1","__typename":"HierarchyPathItem"}],"isGlobalFallback":null,"countryName":{"fi":"Suomi","__typename":"CountryName"}},{"id":"6411630790157","ean":"6411630790157","name":"Havi pöytäkynttilä valkoinen 7cmx12cm 1kpl 50 h","price":3.65,"storeId":725782447,"__typename":"Product","approxPrice":false,"basicQuantityUnit":"KPL","comparisonPrice":3.65,"comparisonUnit":"PCE","consumerPackageSize":null,"consumerPackageUnit":null,"priceUnit":"KPL","quantityMultiplier":1,"brandName":"Havi","slug":"havi-poytakynttila-valkoinen-7cmx12cm-1kpl-50-h","isAgeLimitedByAlcohol":false,"frozen":false,"packagingLabels":["Avainlippu"],"packagingLabelCodes":["MADE_IN_FINLAND_FLAG_WITH_KEY"],"hierarchyPath":[{"id":"1591691237793264","name":"Pöytäkynttilät","slug":"sisustus-ja-kodintekstiilit/kynttilat/poytakynttilat","__typename":"HierarchyPathItem"},{"id":"1591691237793226","name":"Kynttilät","slug":"sisustus-ja-kodintekstiilit/kynttilat","__typename":"HierarchyPathItem"},{"id":"1591691237793209","name":"Sisustus ja kodintekstiilit","slug":"sisustus-ja-kodintekstiilit","__typename":"HierarchyPathItem"}],"isGlobalFallback":null,"countryName":{"fi":"Suomi","__typename":"CountryName"}},{"id":"6411631817624","ean":"6411631817624","name":"Havi Kruunukynttilä valkoinen 20cm 5kpl 7h","price":4.25,"storeId":725782447,"__typename":"Product","approxPrice":false,"basicQuantityUnit":"KPL","comparisonPrice":0.85,"comparisonUnit":"PCE","consumerPackageSize":null,"consumerPackageUnit":null,"priceUnit":"KPL","quantityMultiplier":1,"brandName":"Havi","slug":"havi-kruunukynttila-valkoinen-20cm-5kpl-7h","isAgeLimitedByAlcohol":false,"frozen":false,"packagingLabels":["Avainlippu"," Pohjoismainen ympäristömerkki (Joutsen)"],"packagingLabelCodes":["MADE_IN_FINLAND_FLAG_WITH_KEY"," SVANEN"],"hierarchyPath":[{"id":"1591691237793268","name":"Antiikki- ja kruunukynttilät","slug":"sisustus-ja-kodintekstiilit/kynttilat/antiikki-ja-kruunukynttilat","__typename":"HierarchyPathItem"},{"id":"1591691237793226","name":"Kynttilät","slug":"sisustus-ja-kodintekstiilit/kynttilat","__typename":"HierarchyPathItem"},{"id":"1591691237793209","name":"Sisustus ja kodintekstiilit","slug":"sisustus-ja-kodintekstiilit","__typename":"HierarchyPathItem"}],"isGlobalFallback":null,"countryName":{"fi":"Suomi","__typename":"CountryName"}},{"id":"6411635060538","ean":"6411635060538","name":"Havi tuikku lämpökynttilä valkoinen 50kpl 4 h","price":5.95,"storeId":725782447,"__typename":"Product","approxPrice":false,"basicQuantityUnit":"KPL","comparisonPrice":0.12,"comparisonUnit":"PCE","consumerPackageSize":null,"consumerPackageUnit":null,"priceUnit":"KPL","quantityMultiplier":1,"brandName":"Havi","slug":"havi-tuikku-lampokynttila-valkoinen-50kpl-4-h","isAgeLimitedByAlcohol":false,"frozen":false,"packagingLabels":["Avainlippu"],"packagingLabelCodes":["MADE_IN_FINLAND_FLAG_WITH_KEY"],"hierarchyPath":[{"id":"1591691237793265","name":"Lämpökynttilät","slug":"sisustus-ja-kodintekstiilit/kynttilat/lampokynttilat","__typename":"HierarchyPathItem"},{"id":"1591691237793226","name":"Kynttilät","slug":"sisustus-ja-kodintekstiilit/kynttilat","__typename":"HierarchyPathItem"},{"id":"1591691237793209","name":"Sisustus ja kodintekstiilit","slug":"sisustus-ja-kodintekstiilit","__typename":"HierarchyPathItem"}],"isGlobalFallback":null,"countryName":{"fi":"Suomi","__typename":"CountryName"}},{"id":"6411638000173","ean":"6411638000173","name":"Havi 1 kpl Muistoksi-lyhty 24 h","price":2.45,"storeId":725782447,"__typename":"Product","approxPrice":false,"basicQuantityUnit":"KPL","comparisonPrice":2.45,"comparisonUnit":"PCE","consumerPackageSize":null,"consumerPackageUnit":null,"priceUnit":"KPL","quantityMultiplier":1,"brandName":"Havi","slug":"havi-1-kpl-muistoksi-lyhty-24-h","isAgeLimitedByAlcohol":false,"frozen":false,"packagingLabels":["Avainlippu"],"packagingLabelCodes":["MADE_IN_FINLAND_FLAG_WITH_KEY"],"hierarchyPath":[{"id":"1591691237793266","name":"Hautakynttilät","slug":"sisustus-ja-kodintekstiilit/kynttilat/hautakynttilat","__typename":"HierarchyPathItem"},{"id":"1591691237793226","name":"Kynttilät","slug":"sisustus-ja-kodintekstiilit/kynttilat","__typename":"HierarchyPathItem"},{"id":"1591691237793209","name":"Sisustus ja kodintekstiilit","slug":"sisustus-ja-kodintekstiilit","__typename":"HierarchyPathItem"}],"isGlobalFallback":null,"countryName":{"fi":"Suomi","__typename":"CountryName"}},{"id":"6411736000020","ean":"6411736000020","name":"Leivon Kauralastu 250g pikkuleipä","price":2.35,"storeId":725782447,"__typename":"Product","approxPrice":false,"basicQuantityUnit":"KPL","comparisonPrice":9.4,"comparisonUnit":"KGM","consumerPackageSize":null,"consumerPackageUnit":null,"priceUnit":"KPL","quantityMultiplier":1,"brandName":"Leivon Leipomo","slug":"leivon-kauralastu-250g-pikkuleipa","isAgeLimitedByAlcohol":false,"frozen":false,"packagingLabels":[],"packagingLabelCodes":[],"hierarchyPath":[{"id":"Herkku_00000369","name":"Muut keksit ja kahvikeksit","slug":"leivat-keksit-ja-leivonnaiset-1/keksit/muut-keksit-ja-kahvikeksit","__typename":"HierarchyPathItem"},{"id":"Herkku_00000065","name":"Keksit","slug":"leivat-keksit-ja-leivonnaiset-1/keksit","__typename":"HierarchyPathItem"},{"id":"Herkku_00000008","name":"Leivät, keksit ja leivonnaiset","slug":"leivat-keksit-ja-leivonnaiset-1","__typename":"HierarchyPathItem"}],"isGlobalFallback":null,"countryName":{"fi":"Suomi","__typename":"CountryName"}},{"id":"6411810000960","ean":"6411810000960","name":"Pakkasmarja  100% suomalainen mansikka 250g","price":3.35,"storeId":725782447,"__typename":"Product","approxPrice":false,"basicQuantityUnit":"KPL","comparisonPrice":13.4,"comparisonUnit":"KGM","consumerPackageSize":null,"consumerPackageUnit":null,"priceUnit":"KPL","quantityMultiplier":1,"brandName":"Pakkasmarja","slug":"pakkasmarja-100-suomalainen-mansikka-250g","isAgeLimitedByAlcohol":false,"frozen":true,"packagingLabels":["Hyvää Suomesta (Sininen Joutsen)"," Sydänmerkki"],"packagingLabelCodes":["FINNISH_HEART_SYMBOL"," GOODS_FROM_FINLAND_BLUE_SWAN"],"hierarchyPath":[{"id":"Herkku_00000733","name":"Marjapakasteet","slug":"pakasteet-1/hedelma-ja-marjapakasteet/marjapakasteet","__typename":"HierarchyPathItem"},{"id":"Herkku_00000126","name":"Hedelmä- ja marjapakasteet","slug":"pakasteet-1/hedelma-ja-marjapakasteet","__typename":"HierarchyPathItem"},{"id":"Herkku_00000013","name":"Pakasteet","slug":"pakasteet-1","__typename":"HierarchyPathItem"}],"isGlobalFallback":null,"countryName":{"fi":"Suomi","__typename":"CountryName"}},{"id":"6411810000977","ean":"6411810000977","name":"Pakkasmarja  100 % suomalainen mustikka 200g","price":3.49,"storeId":725782447,"__typename":"Product","approxPrice":false,"basicQuantityUnit":"KPL","comparisonPrice":17.45,"comparisonUnit":"KGM","consumerPackageSize":null,"consumerPackageUnit":null,"priceUnit":"KPL","quantityMultiplier":1,"brandName":"Pakkasmarja","slug":"pakkasmarja-100-suomalainen-mustikka-200g","isAgeLimitedByAlcohol":false,"frozen":true,"packagingLabels":["Hyvää Suomesta (Sininen Joutsen)"," Sydänmerkki"],"packagingLabelCodes":["FINNISH_HEART_SYMBOL"," GOODS_FROM_FINLAND_BLUE_SWAN"],"hierarchyPath":[{"id":"Herkku_00000733","name":"Marjapakasteet","slug":"pakasteet-1/hedelma-ja-marjapakasteet/marjapakasteet","__typename":"HierarchyPathItem"},{"id":"Herkku_00000126","name":"Hedelmä- ja marjapakasteet","slug":"pakasteet-1/hedelma-ja-marjapakasteet","__typename":"HierarchyPathItem"},{"id":"Herkku_00000013","name":"Pakasteet","slug":"pakasteet-1","__typename":"HierarchyPathItem"}],"isGlobalFallback":null,"countryName":{"fi":"Suomi","__typename":"CountryName"}},{"id":"6411810000991","ean":"6411810000991","name":"Pakkasmarja 100% suomalainen mustaherukka 200g","price":1.69,"storeId":725782447,"__typename":"Product","approxPrice":false,"basicQuantityUnit":"KPL","comparisonPrice":8.45,"comparisonUnit":"KGM","consumerPackageSize":null,"consumerPackageUnit":null,"priceUnit":"KPL","quantityMultiplier":1,"brandName":"Pakkasmarja","slug":"pakkasmarja-100-suomalainen-mustaherukka-200g","isAgeLimitedByAlcohol":false,"frozen":true,"packagingLabels":["Hyvää Suomesta (Sininen Joutsen)"," Sydänmerkki"],"packagingLabelCodes":["FINNISH_HEART_SYMBOL"," GOODS_FROM_FINLAND_BLUE_SWAN"],"hierarchyPath":[{"id":"Herkku_00000733","name":"Marjapakasteet","slug":"pakasteet-1/hedelma-ja-marjapakasteet/marjapakasteet","__typename":"HierarchyPathItem"},{"id":"Herkku_00000126","name":"Hedelmä- ja marjapakasteet","slug":"pakasteet-1/hedelma-ja-marjapakasteet","__typename":"HierarchyPathItem"},{"id":"Herkku_00000013","name":"Pakasteet","slug":"pakasteet-1","__typename":"HierarchyPathItem"}],"isGlobalFallback":null,"countryName":{"fi":"Suomi","__typename":"CountryName"}},{"id":"6411810001042","ean":"6411810001042","name":"Pakkasmarja 100% suomalainen marjasekoitus luomu 250g","price":3.45,"storeId":725782447,"__typename":"Product","approxPrice":false,"basicQuantityUnit":"KPL","comparisonPrice":13.8,"comparisonUnit":"KGM","consumerPackageSize":null,"consumerPackageUnit":null,"priceUnit":"KPL","quantityMultiplier":1,"brandName":"Pakkasmarja","slug":"pakkasmarja-100-suomalainen-marjasekoitus-luomu-250g","isAgeLimitedByAlcohol":false,"frozen":true,"packagingLabels":["EU:n luomutunnus (lehti)"," Hyvää Suomesta (Sininen Joutsen)"," Luomumerkki (Aurinko)"," Sydänmerkki"],"packagingLabelCodes":["EU_ORGANIC_FARMING"," FINNISH_HEART_SYMBOL"," GOODS_FROM_FINLAND_BLUE_SWAN"," OFFICIAL_ECO_LABEL_SUN"],"hierarchyPath":[{"id":"Herkku_00000733","name":"Marjapakasteet","slug":"pakasteet-1/hedelma-ja-marjapakasteet/marjapakasteet","__typename":"HierarchyPathItem"},{"id":"Herkku_00000126","name":"Hedelmä- ja marjapakasteet","slug":"pakasteet-1/hedelma-ja-marjapakasteet","__typename":"HierarchyPathItem"},{"id":"Herkku_00000013","name":"Pakasteet","slug":"pakasteet-1","__typename":"HierarchyPathItem"}],"isGlobalFallback":null,"countryName":{"fi":"Suomi","__typename":"CountryName"}},{"id":"6411810001158","ean":"6411810001158","name":"Pakkasmarja  100% suomalainen puolukka 200g","price":2.95,"storeId":725782447,"__typename":"Product","approxPrice":false,"basicQuantityUnit":"KPL","comparisonPrice":14.75,"comparisonUnit":"KGM","consumerPackageSize":null,"consumerPackageUnit":null,"priceUnit":"KPL","quantityMultiplier":1,"brandName":"Pakkasmarja","slug":"pakkasmarja-100-suomalainen-puolukka-200g","isAgeLimitedByAlcohol":false,"frozen":true,"packagingLabels":["Hyvää Suomesta (Sininen Joutsen)"," Sydänmerkki"],"packagingLabelCodes":["FINNISH_HEART_SYMBOL"," GOODS_FROM_FINLAND_BLUE_SWAN"],"hierarchyPath":[{"id":"Herkku_00000733","name":"Marjapakasteet","slug":"pakasteet-1/hedelma-ja-marjapakasteet/marjapakasteet","__typename":"HierarchyPathItem"},{"id":"Herkku_00000126","name":"Hedelmä- ja marjapakasteet","slug":"pakasteet-1/hedelma-ja-marjapakasteet","__typename":"HierarchyPathItem"},{"id":"Herkku_00000013","name":"Pakasteet","slug":"pakasteet-1","__typename":"HierarchyPathItem"}],"isGlobalFallback":null,"countryName":{"fi":"Suomi","__typename":"CountryName"}},{"id":"6411810009000","ean":"6411810009000","name":"Pakkasmarja 250g Suomalainen Kuningas Marjasekoitus","price":3.39,"storeId":725782447,"__typename":"Product","approxPrice":false,"basicQuantityUnit":"KPL","comparisonPrice":13.56,"comparisonUnit":"KGM","consumerPackageSize":null,"consumerPackageUnit":null,"priceUnit":"KPL","quantityMultiplier":1,"brandName":"Pakkasmarja","slug":"pakkasmarja-250g-suomalainen-kuningas-marjasekoitus","isAgeLimitedByAlcohol":false,"frozen":true,"packagingLabels":["Hyvää Suomesta (Sininen Joutsen)"," Sydänmerkki"],"packagingLabelCodes":["FINNISH_HEART_SYMBOL"," GOODS_FROM_FINLAND_BLUE_SWAN"],"hierarchyPath":[{"id":"Herkku_00000733","name":"Marjapakasteet","slug":"pakasteet-1/hedelma-ja-marjapakasteet/marjapakasteet","__typename":"HierarchyPathItem"},{"id":"Herkku_00000126","name":"Hedelmä- ja marjapakasteet","slug":"pakasteet-1/hedelma-ja-marjapakasteet","__typename":"HierarchyPathItem"},{"id":"Herkku_00000013","name":"Pakasteet","slug":"pakasteet-1","__typename":"HierarchyPathItem"}],"isGlobalFallback":null,"countryName":{"fi":"Suomi","__typename":"CountryName"}},{"id":"6412000015603","ean":"6412000015603","name":"Saarioinen Grillauskastike 345ml","price":3.19,"storeId":725782447,"__typename":"Product","approxPrice":false,"basicQuantityUnit":"KPL","comparisonPrice":9.25,"comparisonUnit":"LTR","consumerPackageSize":null,"consumerPackageUnit":null,"priceUnit":"KPL","quantityMultiplier":1,"brandName":"Saarioinen","slug":"saarioinen-grillauskastike-345ml","isAgeLimitedByAlcohol":false,"frozen":false,"packagingLabels":["Avainlippu"],"packagingLabelCodes":["MADE_IN_FINLAND_FLAG_WITH_KEY"],"hierarchyPath":[{"id":"Herkku_00000423","name":"Grillaus- ja marinointikastikkeet","slug":"oljyt-mausteet-maustaminen-1/maustekastikkeet-ja-tahnat/grillaus-ja-marinointikastikkeet","__typename":"HierarchyPathItem"},{"id":"Herkku_00000078","name":"Maustekastikkeet ja tahnat","slug":"oljyt-mausteet-maustaminen-1/maustekastikkeet-ja-tahnat","__typename":"HierarchyPathItem"},{"id":"Herkku_00000011","name":"Öljyt, mausteet, maustaminen","slug":"oljyt-mausteet-maustaminen-1","__typename":"HierarchyPathItem"}],"isGlobalFallback":null,"countryName":{"fi":"Suomi","__typename":"CountryName"}},{"id":"6412000015627","ean":"6412000015627","name":"Saarioinen Memphis smoky BBQ maustekastike 345ml","price":3.19,"storeId":725782447,"__typename":"Product","approxPrice":false,"basicQuantityUnit":"KPL","comparisonPrice":9.25,"comparisonUnit":"LTR","consumerPackageSize":null,"consumerPackageUnit":null,"priceUnit":"KPL","quantityMultiplier":1,"brandName":"Saarioinen","slug":"saarioinen-memphis-smoky-bbq-maustekastike-345ml","isAgeLimitedByAlcohol":false,"frozen":false,"packagingLabels":["Avainlippu"],"packagingLabelCodes":["MADE_IN_FINLAND_FLAG_WITH_KEY"],"hierarchyPath":[{"id":"Herkku_00000423","name":"Grillaus- ja marinointikastikkeet","slug":"oljyt-mausteet-maustaminen-1/maustekastikkeet-ja-tahnat/grillaus-ja-marinointikastikkeet","__typename":"HierarchyPathItem"},{"id":"Herkku_00000078","name":"Maustekastikkeet ja tahnat","slug":"oljyt-mausteet-maustaminen-1/maustekastikkeet-ja-tahnat","__typename":"HierarchyPathItem"},{"id":"Herkku_00000011","name":"Öljyt, mausteet, maustaminen","slug":"oljyt-mausteet-maustaminen-1","__typename":"HierarchyPathItem"}],"isGlobalFallback":null,"countryName":{"fi":"Suomi","__typename":"CountryName"}},{"id":"6412000015870","ean":"6412000015870","name":"Saarioinen Sinappisalaattikastike 345ml","price":2.79,"storeId":725782447,"__typename":"Product","approxPrice":false,"basicQuantityUnit":"KPL","comparisonPrice":8.09,"comparisonUnit":"LTR","consumerPackageSize":null,"consumerPackageUnit":null,"priceUnit":"KPL","quantityMultiplier":1,"brandName":"Saarioinen","slug":"saarioinen-sinappisalaattikastike-345ml","isAgeLimitedByAlcohol":false,"frozen":false,"packagingLabels":["Avainlippu"," Sydänmerkki"],"packagingLabelCodes":["FINNISH_HEART_SYMBOL"," MADE_IN_FINLAND_FLAG_WITH_KEY"],"hierarchyPath":[{"id":"Herkku_00000076","name":"Salaatinkastikkeet","slug":"oljyt-mausteet-maustaminen-1/salaatinkastikkeet","__typename":"HierarchyPathItem"},{"id":"Herkku_00000011","name":"Öljyt, mausteet, maustaminen","slug":"oljyt-mausteet-maustaminen-1","__typename":"HierarchyPathItem"}],"isGlobalFallback":null,"countryName":{"fi":"Suomi","__typename":"CountryName"}},{"id":"6412000015917","ean":"6412000015917","name":"Saarioinen Kevyt Sinappisalaattikastike 345ml","price":2.79,"storeId":725782447,"__typename":"Product","approxPrice":false,"basicQuantityUnit":"KPL","comparisonPrice":8.09,"comparisonUnit":"LTR","consumerPackageSize":null,"consumerPackageUnit":null,"priceUnit":"KPL","quantityMultiplier":1,"brandName":"Saarioinen","slug":"saarioinen-kevyt-sinappisalaattikastike-345ml","isAgeLimitedByAlcohol":false,"frozen":false,"packagingLabels":["Avainlippu"," Sydänmerkki"],"packagingLabelCodes":["FINNISH_HEART_SYMBOL"," MADE_IN_FINLAND_FLAG_WITH_KEY"],"hierarchyPath":[{"id":"Herkku_00000076","name":"Salaatinkastikkeet","slug":"oljyt-mausteet-maustaminen-1/salaatinkastikkeet","__typename":"HierarchyPathItem"},{"id":"Herkku_00000011","name":"Öljyt, mausteet, maustaminen","slug":"oljyt-mausteet-maustaminen-1","__typename":"HierarchyPathItem"}],"isGlobalFallback":null,"countryName":{"fi":"Suomi","__typename":"CountryName"}},{"id":"6412000016310","ean":"6412000016310","name":"Saarioinen Mansikkahillo 500g","price":3.65,"storeId":725782447,"__typename":"Product","approxPrice":false,"basicQuantityUnit":"KPL","comparisonPrice":7.3,"comparisonUnit":"KGM","consumerPackageSize":null,"consumerPackageUnit":null,"priceUnit":"KPL","quantityMultiplier":1,"brandName":"Saarioinen","slug":"saarioinen-mansikkahillo-500g","isAgeLimitedByAlcohol":false,"frozen":false,"packagingLabels":[],"packagingLabelCodes":[],"hierarchyPath":[{"id":"Herkku_00000354","name":"Hillot","slug":"kuivatuotteet-ja-leivonta-1/hillot-ja-marmeladit/hillot","__typename":"HierarchyPathItem"},{"id":"Herkku_00000064","name":"Hillot ja marmeladit","slug":"kuivatuotteet-ja-leivonta-1/hillot-ja-marmeladit","__typename":"HierarchyPathItem"},{"id":"Herkku_00000007","name":"Kuivatuotteet ja leivonta","slug":"kuivatuotteet-ja-leivonta-1","__typename":"HierarchyPathItem"}],"isGlobalFallback":null,"countryName":{"fi":"Suomi","__typename":"CountryName"}},{"id":"6412000016327","ean":"6412000016327","name":"Saarioinen Vadelmahillo 500g","price":4.99,"storeId":725782447,"__typename":"Product","approxPrice":false,"basicQuantityUnit":"KPL","comparisonPrice":9.98,"comparisonUnit":"KGM","consumerPackageSize":null,"consumerPackageUnit":null,"priceUnit":"KPL","quantityMultiplier":1,"brandName":"Saarioinen","slug":"saarioinen-vadelmahillo-500g","isAgeLimitedByAlcohol":false,"frozen":false,"packagingLabels":[],"packagingLabelCodes":[],"hierarchyPath":[{"id":"Herkku_00000354","name":"Hillot","slug":"kuivatuotteet-ja-leivonta-1/hillot-ja-marmeladit/hillot","__typename":"HierarchyPathItem"},{"id":"Herkku_00000064","name":"Hillot ja marmeladit","slug":"kuivatuotteet-ja-leivonta-1/hillot-ja-marmeladit","__typename":"HierarchyPathItem"},{"id":"Herkku_00000007","name":"Kuivatuotteet ja leivonta","slug":"kuivatuotteet-ja-leivonta-1","__typename":"HierarchyPathItem"}],"isGlobalFallback":null,"countryName":{"fi":"Suomi","__typename":"CountryName"}},{"id":"6412000016341","ean":"6412000016341","name":"Saarioinen Puolukkahillo 500g","price":3.69,"storeId":725782447,"__typename":"Product","approxPrice":false,"basicQuantityUnit":"KPL","comparisonPrice":7.38,"comparisonUnit":"KGM","consumerPackageSize":null,"consumerPackageUnit":null,"priceUnit":"KPL","quantityMultiplier":1,"brandName":"Saarioinen","slug":"saarioinen-puolukkahillo-500g","isAgeLimitedByAlcohol":false,"frozen":false,"packagingLabels":[],"packagingLabelCodes":[],"hierarchyPath":[{"id":"Herkku_00000354","name":"Hillot","slug":"kuivatuotteet-ja-leivonta-1/hillot-ja-marmeladit/hillot","__typename":"HierarchyPathItem"},{"id":"Herkku_00000064","name":"Hillot ja marmeladit","slug":"kuivatuotteet-ja-leivonta-1/hillot-ja-marmeladit","__typename":"HierarchyPathItem"},{"id":"Herkku_00000007","name":"Kuivatuotteet ja leivonta","slug":"kuivatuotteet-ja-leivonta-1","__typename":"HierarchyPathItem"}],"isGlobalFallback":null,"countryName":{"fi":"Suomi","__typename":"CountryName"}},{"id":"6412000016464","ean":"6412000016464","name":"Saarioinen Appelsiinimarmeladi 230g","price":1.75,"storeId":725782447,"__typename":"Product","approxPrice":false,"basicQuantityUnit":"KPL","comparisonPrice":7.61,"comparisonUnit":"KGM","consumerPackageSize":null,"consumerPackageUnit":null,"priceUnit":"KPL","quantityMultiplier":1,"brandName":"Saarioinen","slug":"saarioinen-appelsiinimarmeladi-230g","isAgeLimitedByAlcohol":false,"frozen":false,"packagingLabels":[],"packagingLabelCodes":[],"hierarchyPath":[{"id":"Herkku_00000355","name":"Marmeladit","slug":"kuivatuotteet-ja-leivonta-1/hillot-ja-marmeladit/marmeladit","__typename":"HierarchyPathItem"},{"id":"Herkku_00000064","name":"Hillot ja marmeladit","slug":"kuivatuotteet-ja-leivonta-1/hillot-ja-marmeladit","__typename":"HierarchyPathItem"},{"id":"Herkku_00000007","name":"Kuivatuotteet ja leivonta","slug":"kuivatuotteet-ja-leivonta-1","__typename":"HierarchyPathItem"}],"isGlobalFallback":null,"countryName":{"fi":"Suomi","__typename":"CountryName"}},{"id":"6412000016587","ean":"6412000016587","name":"Saarioinen Lettuhillo, sekahillo 800g","price":5.49,"storeId":725782447,"__typename":"Product","approxPrice":false,"basicQuantityUnit":"KPL","comparisonPrice":6.86,"comparisonUnit":"KGM","consumerPackageSize":null,"consumerPackageUnit":null,"priceUnit":"KPL","quantityMultiplier":1,"brandName":"Saarioinen","slug":"saarioinen-lettuhillo-sekahillo-800g","isAgeLimitedByAlcohol":false,"frozen":false,"packagingLabels":[],"packagingLabelCodes":[],"hierarchyPath":[{"id":"Herkku_00000354","name":"Hillot","slug":"kuivatuotteet-ja-leivonta-1/hillot-ja-marmeladit/hillot","__typename":"HierarchyPathItem"},{"id":"Herkku_00000064","name":"Hillot ja marmeladit","slug":"kuivatuotteet-ja-leivonta-1/hillot-ja-marmeladit","__typename":"HierarchyPathItem"},{"id":"Herkku_00000007","name":"Kuivatuotteet ja leivonta","slug":"kuivatuotteet-ja-leivonta-1","__typename":"HierarchyPathItem"}],"isGlobalFallback":null,"countryName":{"fi":"Suomi","__typename":"CountryName"}},{"id":"6412000016907","ean":"6412000016907","name":"Dronningholm Mansikkahillo 1kg","price":4.89,"storeId":725782447,"__typename":"Product","approxPrice":false,"basicQuantityUnit":"KPL","comparisonPrice":4.89,"comparisonUnit":"KGM","consumerPackageSize":null,"consumerPackageUnit":null,"priceUnit":"KPL","quantityMultiplier":1,"brandName":"Dronningholm","slug":"dronningholm-mansikkahillo-1kg","isAgeLimitedByAlcohol":false,"frozen":false,"packagingLabels":[],"packagingLabelCodes":[],"hierarchyPath":[{"id":"Herkku_00000354","name":"Hillot","slug":"kuivatuotteet-ja-leivonta-1/hillot-ja-marmeladit/hillot","__typename":"HierarchyPathItem"},{"id":"Herkku_00000064","name":"Hillot ja marmeladit","slug":"kuivatuotteet-ja-leivonta-1/hillot-ja-marmeladit","__typename":"HierarchyPathItem"},{"id":"Herkku_00000007","name":"Kuivatuotteet ja leivonta","slug":"kuivatuotteet-ja-leivonta-1","__typename":"HierarchyPathItem"}],"isGlobalFallback":null,"countryName":{"fi":"Suomi","__typename":"CountryName"}},{"id":"6412000017003","ean":"6412000017003","name":"Dronningholm Tähtitorttu Luumumarmeladi 300g","price":1.75,"storeId":725782447,"__typename":"Product","approxPrice":false,"basicQuantityUnit":"KPL","comparisonPrice":5.83,"comparisonUnit":"KGM","consumerPackageSize":null,"consumerPackageUnit":null,"priceUnit":"KPL","quantityMultiplier":1,"brandName":"Dronningholm","slug":"dronningholm-tahtitorttu-luumumarmeladi-300g","isAgeLimitedByAlcohol":false,"frozen":false,"packagingLabels":["Avainlippu"],"packagingLabelCodes":["MADE_IN_FINLAND_FLAG_WITH_KEY"],"hierarchyPath":[{"id":"Herkku_00000355","name":"Marmeladit","slug":"kuivatuotteet-ja-leivonta-1/hillot-ja-marmeladit/marmeladit","__typename":"HierarchyPathItem"},{"id":"Herkku_00000064","name":"Hillot ja marmeladit","slug":"kuivatuotteet-ja-leivonta-1/hillot-ja-marmeladit","__typename":"HierarchyPathItem"},{"id":"Herkku_00000007","name":"Kuivatuotteet ja leivonta","slug":"kuivatuotteet-ja-leivonta-1","__typename":"HierarchyPathItem"}],"isGlobalFallback":null,"countryName":{"fi":"Suomi","__typename":"CountryName"}},{"id":"6412000017201","ean":"6412000017201","name":"Dronningholm Tähtitorttu Omena-kanelimarmeladi 300g","price":1.45,"storeId":725782447,"__typename":"Product","approxPrice":false,"basicQuantityUnit":"KPL","comparisonPrice":4.83,"comparisonUnit":"KGM","consumerPackageSize":null,"consumerPackageUnit":null,"priceUnit":"KPL","quantityMultiplier":1,"brandName":"Dronningholm","slug":"dronningholm-tahtitorttu-omena-kanelimarmeladi-300g","isAgeLimitedByAlcohol":false,"frozen":false,"packagingLabels":["Avainlippu"],"packagingLabelCodes":["MADE_IN_FINLAND_FLAG_WITH_KEY"],"hierarchyPath":[{"id":"Herkku_00000355","name":"Marmeladit","slug":"kuivatuotteet-ja-leivonta-1/hillot-ja-marmeladit/marmeladit","__typename":"HierarchyPathItem"},{"id":"Herkku_00000064","name":"Hillot ja marmeladit","slug":"kuivatuotteet-ja-leivonta-1/hillot-ja-marmeladit","__typename":"HierarchyPathItem"},{"id":"Herkku_00000007","name":"Kuivatuotteet ja leivonta","slug":"kuivatuotteet-ja-leivonta-1","__typename":"HierarchyPathItem"}],"isGlobalFallback":null,"countryName":{"fi":"Suomi","__typename":"CountryName"}},{"id":"6412000030026","ean":"6412000030026","name":"Saarioinen Maksalaatikko 400g","price":2.85,"storeId":725782447,"__typename":"Product","approxPrice":false,"basicQuantityUnit":"KPL","comparisonPrice":7.13,"comparisonUnit":"KGM","consumerPackageSize":null,"consumerPackageUnit":null,"priceUnit":"KPL","quantityMultiplier":1,"brandName":"Saarioinen","slug":"saarioinen-maksalaatikko-400g","isAgeLimitedByAlcohol":false,"frozen":false,"packagingLabels":["Hyvää Suomesta (Sininen Joutsen)"],"packagingLabelCodes":["GOODS_FROM_FINLAND_BLUE_SWAN"],"hierarchyPath":[{"id":"1591691237074403","name":"Laatikot","slug":"valmisruoka-1/laatikot-pastat-ja-lasagnet/laatikot","__typename":"HierarchyPathItem"},{"id":"1591691237074392","name":"Laatikot, pastat ja lasagnet","slug":"valmisruoka-1/laatikot-pastat-ja-lasagnet","__typename":"HierarchyPathItem"},{"id":"StructureGroup_1356670909914497","name":"Valmisruoka","slug":"valmisruoka-1","__typename":"HierarchyPathItem"}],"isGlobalFallback":null,"countryName":{"fi":"Suomi","__typename":"CountryName"}},{"id":"6412000030040","ean":"6412000030040","name":"Saarioinen Maksalaatikko laktoositon/rusinaton 400g","price":2.85,"storeId":725782447,"__typename":"Product","approxPrice":false,"basicQuantityUnit":"KPL","comparisonPrice":7.13,"comparisonUnit":"KGM","consumerPackageSize":null,"consumerPackageUnit":null,"priceUnit":"KPL","quantityMultiplier":1,"brandName":"Saarioinen","slug":"saarioinen-maksalaatikko-laktoositonrusinaton-400g","isAgeLimitedByAlcohol":false,"frozen":false,"packagingLabels":["Avainlippu"],"packagingLabelCodes":["MADE_IN_FINLAND_FLAG_WITH_KEY"],"hierarchyPath":[{"id":"1591691237074403","name":"Laatikot","slug":"valmisruoka-1/laatikot-pastat-ja-lasagnet/laatikot","__typename":"HierarchyPathItem"},{"id":"1591691237074392","name":"Laatikot, pastat ja lasagnet","slug":"valmisruoka-1/laatikot-pastat-ja-lasagnet","__typename":"HierarchyPathItem"},{"id":"StructureGroup_1356670909914497","name":"Valmisruoka","slug":"valmisruoka-1","__typename":"HierarchyPathItem"}],"isGlobalFallback":null,"countryName":{"fi":"Suomi","__typename":"CountryName"}},{"id":"6412000030071","ean":"6412000030071","name":"Saarioinen Bataattivuoka 350g","price":4.15,"storeId":725782447,"__typename":"Product","approxPrice":false,"basicQuantityUnit":"KPL","comparisonPrice":11.86,"comparisonUnit":"KGM","consumerPackageSize":null,"consumerPackageUnit":null,"priceUnit":"KPL","quantityMultiplier":1,"brandName":"Saarioinen","slug":"saarioinen-bataattivuoka-350g","isAgeLimitedByAlcohol":false,"frozen":false,"packagingLabels":["Avainlippu"," Hyvää Suomesta (Sininen Joutsen)"],"packagingLabelCodes":["GOODS_FROM_FINLAND_BLUE_SWAN"," MADE_IN_FINLAND_FLAG_WITH_KEY"],"hierarchyPath":[{"id":"1591691237218603","name":"Lisäkesalaatit ja tuorepasta","slug":"valmisruoka-1/lisakesalaatit-ja-tuorepasta","__typename":"HierarchyPathItem"},{"id":"StructureGroup_1356670909914497","name":"Valmisruoka","slug":"valmisruoka-1","__typename":"HierarchyPathItem"}],"isGlobalFallback":null,"countryName":{"fi":"Suomi","__typename":"CountryName"}},{"id":"6412000030200","ean":"6412000030200","name":"Saarioinen Porkkanalaatikko 400g","price":3.39,"storeId":725782447,"__typename":"Product","approxPrice":false,"basicQuantityUnit":"KPL","comparisonPrice":8.48,"comparisonUnit":"KGM","consumerPackageSize":null,"consumerPackageUnit":null,"priceUnit":"KPL","quantityMultiplier":1,"brandName":"Saarioinen","slug":"saarioinen-porkkanalaatikko-400g","isAgeLimitedByAlcohol":false,"frozen":false,"packagingLabels":["Avainlippu"," Hyvää Suomesta (Sininen Joutsen)"],"packagingLabelCodes":["GOODS_FROM_FINLAND_BLUE_SWAN"," MADE_IN_FINLAND_FLAG_WITH_KEY"],"hierarchyPath":[{"id":"1591691237074403","name":"Laatikot","slug":"valmisruoka-1/laatikot-pastat-ja-lasagnet/laatikot","__typename":"HierarchyPathItem"},{"id":"1591691237074392","name":"Laatikot, pastat ja lasagnet","slug":"valmisruoka-1/laatikot-pastat-ja-lasagnet","__typename":"HierarchyPathItem"},{"id":"StructureGroup_1356670909914497","name":"Valmisruoka","slug":"valmisruoka-1","__typename":"HierarchyPathItem"}],"isGlobalFallback":null,"countryName":{"fi":"Suomi","__typename":"CountryName"}},{"id":"6412000030323","ean":"6412000030323","name":"Saarioinen Lanttulaatikko 400g","price":3.39,"storeId":725782447,"__typename":"Product","approxPrice":false,"basicQuantityUnit":"KPL","comparisonPrice":8.48,"comparisonUnit":"KGM","consumerPackageSize":null,"consumerPackageUnit":null,"priceUnit":"KPL","quantityMultiplier":1,"brandName":"Saarioinen","slug":"saarioinen-lanttulaatikko-400g","isAgeLimitedByAlcohol":false,"frozen":false,"packagingLabels":["Avainlippu"," Hyvää Suomesta (Sininen Joutsen)"],"packagingLabelCodes":["GOODS_FROM_FINLAND_BLUE_SWAN"," MADE_IN_FINLAND_FLAG_WITH_KEY"],"hierarchyPath":[{"id":"1591691237074403","name":"Laatikot","slug":"valmisruoka-1/laatikot-pastat-ja-lasagnet/laatikot","__typename":"HierarchyPathItem"},{"id":"1591691237074392","name":"Laatikot, pastat ja lasagnet","slug":"valmisruoka-1/laatikot-pastat-ja-lasagnet","__typename":"HierarchyPathItem"},{"id":"StructureGroup_1356670909914497","name":"Valmisruoka","slug":"valmisruoka-1","__typename":"HierarchyPathItem"}],"isGlobalFallback":null,"countryName":{"fi":"Suomi","__typename":"CountryName"}},{"id":"6412000030378","ean":"6412000030378","name":"Saarioinen Vegemakaronilaatikko 350g","price":2.85,"storeId":725782447,"__typename":"Product","approxPrice":false,"basicQuantityUnit":"KPL","comparisonPrice":8.14,"comparisonUnit":"KGM","consumerPackageSize":null,"consumerPackageUnit":null,"priceUnit":"KPL","quantityMultiplier":1,"brandName":"Saarioinen","slug":"saarioinen-vegemakaronilaatikko-350g","isAgeLimitedByAlcohol":false,"frozen":false,"packagingLabels":["Avainlippu"],"packagingLabelCodes":["MADE_IN_FINLAND_FLAG_WITH_KEY"],"hierarchyPath":[{"id":"1591691237074403","name":"Laatikot","slug":"valmisruoka-1/laatikot-pastat-ja-lasagnet/laatikot","__typename":"HierarchyPathItem"},{"id":"1591691237074392","name":"Laatikot, pastat ja lasagnet","slug":"valmisruoka-1/laatikot-pastat-ja-lasagnet","__typename":"HierarchyPathItem"},{"id":"StructureGroup_1356670909914497","name":"Valmisruoka","slug":"valmisruoka-1","__typename":"HierarchyPathItem"}],"isGlobalFallback":null,"countryName":{"fi":"Suomi","__typename":"CountryName"}},{"id":"6412000030460","ean":"6412000030460","name":"Saarioinen Kermaperunat 320g","price":2.59,"storeId":725782447,"__typename":"Product","approxPrice":false,"basicQuantityUnit":"KPL","comparisonPrice":8.09,"comparisonUnit":"KGM","consumerPackageSize":null,"consumerPackageUnit":null,"priceUnit":"KPL","quantityMultiplier":1,"brandName":"Saarioinen","slug":"saarioinen-kermaperunat-320g","isAgeLimitedByAlcohol":false,"frozen":false,"packagingLabels":["Hyvää Suomesta (Sininen Joutsen)"],"packagingLabelCodes":["GOODS_FROM_FINLAND_BLUE_SWAN"],"hierarchyPath":[{"id":"1591691237218603","name":"Lisäkesalaatit ja tuorepasta","slug":"valmisruoka-1/lisakesalaatit-ja-tuorepasta","__typename":"HierarchyPathItem"},{"id":"StructureGroup_1356670909914497","name":"Valmisruoka","slug":"valmisruoka-1","__typename":"HierarchyPathItem"}],"isGlobalFallback":null,"countryName":{"fi":"Suomi","__typename":"CountryName"}},{"id":"6412000030521","ean":"6412000030521","name":"Saarioinen Lihamakaronilaatikko 400g","price":2.85,"storeId":725782447,"__typename":"Product","approxPrice":false,"basicQuantityUnit":"KPL","comparisonPrice":7.13,"comparisonUnit":"KGM","consumerPackageSize":null,"consumerPackageUnit":null,"priceUnit":"KPL","quantityMultiplier":1,"brandName":"Saarioinen","slug":"saarioinen-lihamakaronilaatikko-400g","isAgeLimitedByAlcohol":false,"frozen":false,"packagingLabels":["Hyvää Suomesta (Sininen Joutsen)"],"packagingLabelCodes":["GOODS_FROM_FINLAND_BLUE_SWAN"],"hierarchyPath":[{"id":"1591691237074403","name":"Laatikot","slug":"valmisruoka-1/laatikot-pastat-ja-lasagnet/laatikot","__typename":"HierarchyPathItem"},{"id":"1591691237074392","name":"Laatikot, pastat ja lasagnet","slug":"valmisruoka-1/laatikot-pastat-ja-lasagnet","__typename":"HierarchyPathItem"},{"id":"StructureGroup_1356670909914497","name":"Valmisruoka","slug":"valmisruoka-1","__typename":"HierarchyPathItem"}],"isGlobalFallback":null,"countryName":{"fi":"Suomi","__typename":"CountryName"}},{"id":"6412000030576","ean":"6412000030576","name":"Saarioinen Lasagne 300g","price":3.19,"storeId":725782447,"__typename":"Product","approxPrice":false,"basicQuantityUnit":"KPL","comparisonPrice":10.63,"comparisonUnit":"KGM","consumerPackageSize":null,"consumerPackageUnit":null,"priceUnit":"KPL","quantityMultiplier":1,"brandName":"Saarioinen","slug":"saarioinen-lasagne-300g","isAgeLimitedByAlcohol":false,"frozen":false,"packagingLabels":["Avainlippu"],"packagingLabelCodes":["MADE_IN_FINLAND_FLAG_WITH_KEY"],"hierarchyPath":[{"id":"1591691237074402","name":"Pastat ja lasagnet","slug":"valmisruoka-1/laatikot-pastat-ja-lasagnet/pastat-ja-lasagnet","__typename":"HierarchyPathItem"},{"id":"1591691237074392","name":"Laatikot, pastat ja lasagnet","slug":"valmisruoka-1/laatikot-pastat-ja-lasagnet","__typename":"HierarchyPathItem"},{"id":"StructureGroup_1356670909914497","name":"Valmisruoka","slug":"valmisruoka-1","__typename":"HierarchyPathItem"}],"isGlobalFallback":null,"countryName":{"fi":"Suomi","__typename":"CountryName"}},{"id":"6412000030590","ean":"6412000030590","name":"Saarioinen Tonnikalapasta 300g","price":3.29,"storeId":725782447,"__typename":"Product","approxPrice":false,"basicQuantityUnit":"KPL","comparisonPrice":10.97,"comparisonUnit":"KGM","consumerPackageSize":null,"consumerPackageUnit":null,"priceUnit":"KPL","quantityMultiplier":1,"brandName":"Saarioinen","slug":"saarioinen-tonnikalapasta-300g","isAgeLimitedByAlcohol":false,"frozen":false,"packagingLabels":["Avainlippu"],"packagingLabelCodes":["MADE_IN_FINLAND_FLAG_WITH_KEY"],"hierarchyPath":[{"id":"1591691237074402","name":"Pastat ja lasagnet","slug":"valmisruoka-1/laatikot-pastat-ja-lasagnet/pastat-ja-lasagnet","__typename":"HierarchyPathItem"},{"id":"1591691237074392","name":"Laatikot, pastat ja lasagnet","slug":"valmisruoka-1/laatikot-pastat-ja-lasagnet","__typename":"HierarchyPathItem"},{"id":"StructureGroup_1356670909914497","name":"Valmisruoka","slug":"valmisruoka-1","__typename":"HierarchyPathItem"}],"isGlobalFallback":null,"countryName":{"fi":"Suomi","__typename":"CountryName"}},{"id":"6412000030651","ean":"6412000030651","name":"Saarioinen Perunalaatikko 350g","price":3.19,"storeId":725782447,"__typename":"Product","approxPrice":false,"basicQuantityUnit":"KPL","comparisonPrice":9.11,"comparisonUnit":"KGM","consumerPackageSize":null,"consumerPackageUnit":null,"priceUnit":"KPL","quantityMultiplier":1,"brandName":"Saarioinen","slug":"saarioinen-perunalaatikko-350g","isAgeLimitedByAlcohol":false,"frozen":false,"packagingLabels":["Hyvää Suomesta (Sininen Joutsen)"],"packagingLabelCodes":["GOODS_FROM_FINLAND_BLUE_SWAN"],"hierarchyPath":[{"id":"1591691237074403","name":"Laatikot","slug":"valmisruoka-1/laatikot-pastat-ja-lasagnet/laatikot","__typename":"HierarchyPathItem"},{"id":"1591691237074392","name":"Laatikot, pastat ja lasagnet","slug":"valmisruoka-1/laatikot-pastat-ja-lasagnet","__typename":"HierarchyPathItem"},{"id":"StructureGroup_1356670909914497","name":"Valmisruoka","slug":"valmisruoka-1","__typename":"HierarchyPathItem"}],"isGlobalFallback":null,"countryName":{"fi":"Suomi","__typename":"CountryName"}},{"id":"6412000030668","ean":"6412000030668","name":"Saarioinen Lihaperunasoselaatikko 350g","price":2.85,"storeId":725782447,"__typename":"Product","approxPrice":false,"basicQuantityUnit":"KPL","comparisonPrice":8.14,"comparisonUnit":"KGM","consumerPackageSize":null,"consumerPackageUnit":null,"priceUnit":"KPL","quantityMultiplier":1,"brandName":"Saarioinen","slug":"saarioinen-lihaperunasoselaatikko-350g","isAgeLimitedByAlcohol":false,"frozen":false,"packagingLabels":["Hyvää Suomesta (Sininen Joutsen)"],"packagingLabelCodes":["GOODS_FROM_FINLAND_BLUE_SWAN"],"hierarchyPath":[{"id":"1591691237074403","name":"Laatikot","slug":"valmisruoka-1/laatikot-pastat-ja-lasagnet/laatikot","__typename":"HierarchyPathItem"},{"id":"1591691237074392","name":"Laatikot, pastat ja lasagnet","slug":"valmisruoka-1/laatikot-pastat-ja-lasagnet","__typename":"HierarchyPathItem"},{"id":"StructureGroup_1356670909914497","name":"Valmisruoka","slug":"valmisruoka-1","__typename":"HierarchyPathItem"}],"isGlobalFallback":null,"countryName":{"fi":"Suomi","__typename":"CountryName"}},{"id":"6412000030682","ean":"6412000030682","name":"Saarioinen Perunalaatikko 700g","price":3.99,"storeId":725782447,"__typename":"Product","approxPrice":false,"basicQuantityUnit":"KPL","comparisonPrice":5.7,"comparisonUnit":"KGM","consumerPackageSize":null,"consumerPackageUnit":null,"priceUnit":"KPL","quantityMultiplier":1,"brandName":"Saarioinen","slug":"saarioinen-perunalaatikko-700g","isAgeLimitedByAlcohol":false,"frozen":false,"packagingLabels":["Hyvää Suomesta (Sininen Joutsen)"],"packagingLabelCodes":["GOODS_FROM_FINLAND_BLUE_SWAN"],"hierarchyPath":[{"id":"1591691237074403","name":"Laatikot","slug":"valmisruoka-1/laatikot-pastat-ja-lasagnet/laatikot","__typename":"HierarchyPathItem"},{"id":"1591691237074392","name":"Laatikot, pastat ja lasagnet","slug":"valmisruoka-1/laatikot-pastat-ja-lasagnet","__typename":"HierarchyPathItem"},{"id":"StructureGroup_1356670909914497","name":"Valmisruoka","slug":"valmisruoka-1","__typename":"HierarchyPathItem"}],"isGlobalFallback":null,"countryName":{"fi":"Suomi","__typename":"CountryName"}},{"id":"6412000031207","ean":"6412000031207","name":"Saarioinen Tomaattinen kasvis-papukeitto luccalaisittain 310g","price":3.49,"storeId":725782447,"__typename":"Product","approxPrice":false,"basicQuantityUnit":"KPL","comparisonPrice":11.26,"comparisonUnit":"KGM","consumerPackageSize":null,"consumerPackageUnit":null,"priceUnit":"KPL","quantityMultiplier":1,"brandName":"Saarioinen","slug":"saarioinen-tomaattinen-kasvis-papukeitto-luccalaisittain-310g","isAgeLimitedByAlcohol":false,"frozen":false,"packagingLabels":[],"packagingLabelCodes":[],"hierarchyPath":[{"id":"1591691237218473","name":"Mikrokeitot","slug":"valmisruoka-1/valmisateriat-ja-keitot/mikrokeitot","__typename":"HierarchyPathItem"},{"id":"1591691237074396","name":"Valmisateriat ja -keitot","slug":"valmisruoka-1/valmisateriat-ja-keitot","__typename":"HierarchyPathItem"},{"id":"StructureGroup_1356670909914497","name":"Valmisruoka","slug":"valmisruoka-1","__typename":"HierarchyPathItem"}],"isGlobalFallback":null,"countryName":{"fi":"Suomi","__typename":"CountryName"}},{"id":"6412000031245","ean":"6412000031245","name":"Saarioinen Palapaisti ja perunamuusi 350g","price":5.09,"storeId":725782447,"__typename":"Product","approxPrice":false,"basicQuantityUnit":"KPL","comparisonPrice":14.54,"comparisonUnit":"KGM","consumerPackageSize":null,"consumerPackageUnit":null,"priceUnit":"KPL","quantityMultiplier":1,"brandName":"Saarioinen","slug":"saarioinen-palapaisti-ja-perunamuusi-350g","isAgeLimitedByAlcohol":false,"frozen":false,"packagingLabels":["Hyvää Suomesta (Sininen Joutsen)"],"packagingLabelCodes":["GOODS_FROM_FINLAND_BLUE_SWAN"],"hierarchyPath":[{"id":"1591691237218449","name":"Mikroateriat","slug":"valmisruoka-1/valmisateriat-ja-keitot/mikroateriat","__typename":"HierarchyPathItem"},{"id":"1591691237074396","name":"Valmisateriat ja -keitot","slug":"valmisruoka-1/valmisateriat-ja-keitot","__typename":"HierarchyPathItem"},{"id":"StructureGroup_1356670909914497","name":"Valmisruoka","slug":"valmisruoka-1","__typename":"HierarchyPathItem"}],"isGlobalFallback":null,"countryName":{"fi":"Suomi","__typename":"CountryName"}},{"id":"6412000031658","ean":"6412000031658","name":"Saarioinen Broileria kermakastikkeessa 320g","price":3.69,"storeId":725782447,"__typename":"Product","approxPrice":false,"basicQuantityUnit":"KPL","comparisonPrice":11.53,"comparisonUnit":"KGM","consumerPackageSize":null,"consumerPackageUnit":null,"priceUnit":"KPL","quantityMultiplier":1,"brandName":"Saarioinen","slug":"saarioinen-broileria-kermakastikkeessa-320g","isAgeLimitedByAlcohol":false,"frozen":false,"packagingLabels":["Avainlippu"],"packagingLabelCodes":["MADE_IN_FINLAND_FLAG_WITH_KEY"],"hierarchyPath":[{"id":"1591691237218449","name":"Mikroateriat","slug":"valmisruoka-1/valmisateriat-ja-keitot/mikroateriat","__typename":"HierarchyPathItem"},{"id":"1591691237074396","name":"Valmisateriat ja -keitot","slug":"valmisruoka-1/valmisateriat-ja-keitot","__typename":"HierarchyPathItem"},{"id":"StructureGroup_1356670909914497","name":"Valmisruoka","slug":"valmisruoka-1","__typename":"HierarchyPathItem"}],"isGlobalFallback":null,"countryName":{"fi":"Suomi","__typename":"CountryName"}},{"id":"6412000031740","ean":"6412000031740","name":"Saarioinen Lihakeitto 300g","price":2.49,"storeId":725782447,"__typename":"Product","approxPrice":false,"basicQuantityUnit":"KPL","comparisonPrice":8.3,"comparisonUnit":"KGM","consumerPackageSize":null,"consumerPackageUnit":null,"priceUnit":"KPL","quantityMultiplier":1,"brandName":"Saarioinen","slug":"saarioinen-lihakeitto-300g","isAgeLimitedByAlcohol":false,"frozen":false,"packagingLabels":["Hyvää Suomesta (Sininen Joutsen)"],"packagingLabelCodes":["GOODS_FROM_FINLAND_BLUE_SWAN"],"hierarchyPath":[{"id":"1591691237218473","name":"Mikrokeitot","slug":"valmisruoka-1/valmisateriat-ja-keitot/mikrokeitot","__typename":"HierarchyPathItem"},{"id":"1591691237074396","name":"Valmisateriat ja -keitot","slug":"valmisruoka-1/valmisateriat-ja-keitot","__typename":"HierarchyPathItem"},{"id":"StructureGroup_1356670909914497","name":"Valmisruoka","slug":"valmisruoka-1","__typename":"HierarchyPathItem"}],"isGlobalFallback":null,"countryName":{"fi":"Suomi","__typename":"CountryName"}},{"id":"6412000031771","ean":"6412000031771","name":"Saarioinen Savuporo-juustokeitto 300g","price":2.49,"storeId":725782447,"__typename":"Product","approxPrice":false,"basicQuantityUnit":"KPL","comparisonPrice":8.3,"comparisonUnit":"KGM","consumerPackageSize":null,"consumerPackageUnit":null,"priceUnit":"KPL","quantityMultiplier":1,"brandName":"Saarioinen","slug":"saarioinen-savuporo-juustokeitto-300g","isAgeLimitedByAlcohol":false,"frozen":false,"packagingLabels":["Avainlippu"],"packagingLabelCodes":["MADE_IN_FINLAND_FLAG_WITH_KEY"],"hierarchyPath":[{"id":"1591691237218473","name":"Mikrokeitot","slug":"valmisruoka-1/valmisateriat-ja-keitot/mikrokeitot","__typename":"HierarchyPathItem"},{"id":"1591691237074396","name":"Valmisateriat ja -keitot","slug":"valmisruoka-1/valmisateriat-ja-keitot","__typename":"HierarchyPathItem"},{"id":"StructureGroup_1356670909914497","name":"Valmisruoka","slug":"valmisruoka-1","__typename":"HierarchyPathItem"}],"isGlobalFallback":null,"countryName":{"fi":"Suomi","__typename":"CountryName"}},{"id":"6412000031795","ean":"6412000031795","name":"Saarioinen Kanakeitto 300g","price":2.49,"storeId":725782447,"__typename":"Product","approxPrice":false,"basicQuantityUnit":"KPL","comparisonPrice":8.3,"comparisonUnit":"KGM","consumerPackageSize":null,"consumerPackageUnit":null,"priceUnit":"KPL","quantityMultiplier":1,"brandName":"Saarioinen","slug":"saarioinen-kanakeitto-300g","isAgeLimitedByAlcohol":false,"frozen":false,"packagingLabels":["Avainlippu"],"packagingLabelCodes":["MADE_IN_FINLAND_FLAG_WITH_KEY"],"hierarchyPath":[{"id":"1591691237218473","name":"Mikrokeitot","slug":"valmisruoka-1/valmisateriat-ja-keitot/mikrokeitot","__typename":"HierarchyPathItem"},{"id":"1591691237074396","name":"Valmisateriat ja -keitot","slug":"valmisruoka-1/valmisateriat-ja-keitot","__typename":"HierarchyPathItem"},{"id":"StructureGroup_1356670909914497","name":"Valmisruoka","slug":"valmisruoka-1","__typename":"HierarchyPathItem"}],"isGlobalFallback":null,"countryName":{"fi":"Suomi","__typename":"CountryName"}},{"id":"6412000031849","ean":"6412000031849","name":"Saarioinen Kirjolohikeitto 300g","price":2.49,"storeId":725782447,"__typename":"Product","approxPrice":false,"basicQuantityUnit":"KPL","comparisonPrice":8.3,"comparisonUnit":"KGM","consumerPackageSize":null,"consumerPackageUnit":null,"priceUnit":"KPL","quantityMultiplier":1,"brandName":"Saarioinen","slug":"saarioinen-kirjolohikeitto-300g","isAgeLimitedByAlcohol":false,"frozen":false,"packagingLabels":["Hyvää Suomesta (Sininen Joutsen)"," Sydänmerkki"],"packagingLabelCodes":["FINNISH_HEART_SYMBOL"," GOODS_FROM_FINLAND_BLUE_SWAN"],"hierarchyPath":[{"id":"1591691237218473","name":"Mikrokeitot","slug":"valmisruoka-1/valmisateriat-ja-keitot/mikrokeitot","__typename":"HierarchyPathItem"},{"id":"1591691237074396","name":"Valmisateriat ja -keitot","slug":"valmisruoka-1/valmisateriat-ja-keitot","__typename":"HierarchyPathItem"},{"id":"StructureGroup_1356670909914497","name":"Valmisruoka","slug":"valmisruoka-1","__typename":"HierarchyPathItem"}],"isGlobalFallback":null,"countryName":{"fi":"Suomi","__typename":"CountryName"}},{"id":"6412000031856","ean":"6412000031856","name":"Saarioinen Pinaattikeitto 300g","price":2.49,"storeId":725782447,"__typename":"Product","approxPrice":false,"basicQuantityUnit":"KPL","comparisonPrice":8.3,"comparisonUnit":"KGM","consumerPackageSize":null,"consumerPackageUnit":null,"priceUnit":"KPL","quantityMultiplier":1,"brandName":"Saarioinen","slug":"saarioinen-pinaattikeitto-300g","isAgeLimitedByAlcohol":false,"frozen":false,"packagingLabels":["Avainlippu"],"packagingLabelCodes":["MADE_IN_FINLAND_FLAG_WITH_KEY"],"hierarchyPath":[{"id":"1591691237218473","name":"Mikrokeitot","slug":"valmisruoka-1/valmisateriat-ja-keitot/mikrokeitot","__typename":"HierarchyPathItem"},{"id":"1591691237074396","name":"Valmisateriat ja -keitot","slug":"valmisruoka-1/valmisateriat-ja-keitot","__typename":"HierarchyPathItem"},{"id":"StructureGroup_1356670909914497","name":"Valmisruoka","slug":"valmisruoka-1","__typename":"HierarchyPathItem"}],"isGlobalFallback":null,"countryName":{"fi":"Suomi","__typename":"CountryName"}},{"id":"6412000031979","ean":"6412000031979","name":"Saarioinen Bataattisosekeitto 300g","price":2.49,"storeId":725782447,"__typename":"Product","approxPrice":false,"basicQuantityUnit":"KPL","comparisonPrice":8.3,"comparisonUnit":"KGM","consumerPackageSize":null,"consumerPackageUnit":null,"priceUnit":"KPL","quantityMultiplier":1,"brandName":"Saarioinen","slug":"saarioinen-bataattisosekeitto-300g","isAgeLimitedByAlcohol":false,"frozen":false,"packagingLabels":["Avainlippu"],"packagingLabelCodes":["MADE_IN_FINLAND_FLAG_WITH_KEY"],"hierarchyPath":[{"id":"1591691237218473","name":"Mikrokeitot","slug":"valmisruoka-1/valmisateriat-ja-keitot/mikrokeitot","__typename":"HierarchyPathItem"},{"id":"1591691237074396","name":"Valmisateriat ja -keitot","slug":"valmisruoka-1/valmisateriat-ja-keitot","__typename":"HierarchyPathItem"},{"id":"StructureGroup_1356670909914497","name":"Valmisruoka","slug":"valmisruoka-1","__typename":"HierarchyPathItem"}],"isGlobalFallback":null,"countryName":{"fi":"Suomi","__typename":"CountryName"}},{"id":"6412000031986","ean":"6412000031986","name":"Saarioinen Siskonmakkarakeitto 300g","price":2.49,"storeId":725782447,"__typename":"Product","approxPrice":false,"basicQuantityUnit":"KPL","comparisonPrice":8.3,"comparisonUnit":"KGM","consumerPackageSize":null,"consumerPackageUnit":null,"priceUnit":"KPL","quantityMultiplier":1,"brandName":"Saarioinen","slug":"saarioinen-siskonmakkarakeitto-300g","isAgeLimitedByAlcohol":false,"frozen":false,"packagingLabels":["Hyvää Suomesta (Sininen Joutsen)"],"packagingLabelCodes":["GOODS_FROM_FINLAND_BLUE_SWAN"],"hierarchyPath":[{"id":"1591691237218473","name":"Mikrokeitot","slug":"valmisruoka-1/valmisateriat-ja-keitot/mikrokeitot","__typename":"HierarchyPathItem"},{"id":"1591691237074396","name":"Valmisateriat ja -keitot","slug":"valmisruoka-1/valmisateriat-ja-keitot","__typename":"HierarchyPathItem"},{"id":"StructureGroup_1356670909914497","name":"Valmisruoka","slug":"valmisruoka-1","__typename":"HierarchyPathItem"}],"isGlobalFallback":null,"countryName":{"fi":"Suomi","__typename":"CountryName"}},{"id":"6412000032341","ean":"6412000032341","name":"Saarioinen Eväs Savukirjolohisalaatti 230g","price":4.69,"storeId":725782447,"__typename":"Product","approxPrice":false,"basicQuantityUnit":"KPL","comparisonPrice":20.39,"comparisonUnit":"KGM","consumerPackageSize":null,"consumerPackageUnit":null,"priceUnit":"KPL","quantityMultiplier":1,"brandName":"Saarioinen","slug":"saarioinen-evas-savukirjolohisalaatti-230g","isAgeLimitedByAlcohol":false,"frozen":false,"packagingLabels":[],"packagingLabelCodes":[],"hierarchyPath":[{"id":"1591691237218097","name":"Salaattiateriat","slug":"valmisruoka-1/valmisateriat-ja-keitot/salaattiateriat","__typename":"HierarchyPathItem"},{"id":"1591691237074396","name":"Valmisateriat ja -keitot","slug":"valmisruoka-1/valmisateriat-ja-keitot","__typename":"HierarchyPathItem"},{"id":"StructureGroup_1356670909914497","name":"Valmisruoka","slug":"valmisruoka-1","__typename":"HierarchyPathItem"}],"isGlobalFallback":null,"countryName":{"fi":"Viro","__typename":"CountryName"}},{"id":"6412000032402","ean":"6412000032402","name":"Saarioinen Härkäruukku; liha-herkkusieniruukku riisillä 300g","price":3.75,"storeId":725782447,"__typename":"Product","approxPrice":false,"basicQuantityUnit":"KPL","comparisonPrice":12.5,"comparisonUnit":"KGM","consumerPackageSize":null,"consumerPackageUnit":null,"priceUnit":"KPL","quantityMultiplier":1,"brandName":"Saarioinen","slug":"saarioinen-harkaruukku-liha-herkkusieniruukku-riisilla-300g","isAgeLimitedByAlcohol":false,"frozen":false,"packagingLabels":["Avainlippu"],"packagingLabelCodes":["MADE_IN_FINLAND_FLAG_WITH_KEY"],"hierarchyPath":[{"id":"1591691237218449","name":"Mikroateriat","slug":"valmisruoka-1/valmisateriat-ja-keitot/mikroateriat","__typename":"HierarchyPathItem"},{"id":"1591691237074396","name":"Valmisateriat ja -keitot","slug":"valmisruoka-1/valmisateriat-ja-keitot","__typename":"HierarchyPathItem"},{"id":"StructureGroup_1356670909914497","name":"Valmisruoka","slug":"valmisruoka-1","__typename":"HierarchyPathItem"}],"isGlobalFallback":null,"countryName":{"fi":"Suomi","__typename":"CountryName"}},{"id":"6412000032419","ean":"6412000032419","name":"Saarioinen Kinkku-pekoniruukku; kinkku-pekoniruukku pastalla 300g","price":3.75,"storeId":725782447,"__typename":"Product","approxPrice":false,"basicQuantityUnit":"KPL","comparisonPrice":12.5,"comparisonUnit":"KGM","consumerPackageSize":null,"consumerPackageUnit":null,"priceUnit":"KPL","quantityMultiplier":1,"brandName":"Saarioinen","slug":"saarioinen-kinkku-pekoniruukku-kinkku-pekoniruukku-pastalla-300g","isAgeLimitedByAlcohol":false,"frozen":false,"packagingLabels":["Avainlippu"],"packagingLabelCodes":["MADE_IN_FINLAND_FLAG_WITH_KEY"],"hierarchyPath":[{"id":"1591691237074402","name":"Pastat ja lasagnet","slug":"valmisruoka-1/laatikot-pastat-ja-lasagnet/pastat-ja-lasagnet","__typename":"HierarchyPathItem"},{"id":"1591691237074392","name":"Laatikot, pastat ja lasagnet","slug":"valmisruoka-1/laatikot-pastat-ja-lasagnet","__typename":"HierarchyPathItem"},{"id":"StructureGroup_1356670909914497","name":"Valmisruoka","slug":"valmisruoka-1","__typename":"HierarchyPathItem"}],"isGlobalFallback":null,"countryName":{"fi":"Suomi","__typename":"CountryName"}},{"id":"6412000032426","ean":"6412000032426","name":"Saarioinen Kana-nuudeliruukku; nuudeli-broilerruukku kasviksilla 300g","price":3.75,"storeId":725782447,"__typename":"Product","approxPrice":false,"basicQuantityUnit":"KPL","comparisonPrice":12.5,"comparisonUnit":"KGM","consumerPackageSize":null,"consumerPackageUnit":null,"priceUnit":"KPL","quantityMultiplier":1,"brandName":"Saarioinen","slug":"saarioinen-kana-nuudeliruukku-nuudeli-broilerruukku-kasviksilla-300g","isAgeLimitedByAlcohol":false,"frozen":false,"packagingLabels":["Avainlippu"],"packagingLabelCodes":["MADE_IN_FINLAND_FLAG_WITH_KEY"],"hierarchyPath":[{"id":"1591691237218449","name":"Mikroateriat","slug":"valmisruoka-1/valmisateriat-ja-keitot/mikroateriat","__typename":"HierarchyPathItem"},{"id":"1591691237074396","name":"Valmisateriat ja -keitot","slug":"valmisruoka-1/valmisateriat-ja-keitot","__typename":"HierarchyPathItem"},{"id":"StructureGroup_1356670909914497","name":"Valmisruoka","slug":"valmisruoka-1","__typename":"HierarchyPathItem"}],"isGlobalFallback":null,"countryName":{"fi":"Suomi","__typename":"CountryName"}},{"id":"6412000032549","ean":"6412000032549","name":"Saarioinen Balanssi Tomaatti-linssikeitto 310g","price":2.99,"storeId":725782447,"__typename":"Product","approxPrice":false,"basicQuantityUnit":"KPL","comparisonPrice":9.65,"comparisonUnit":"KGM","consumerPackageSize":null,"consumerPackageUnit":null,"priceUnit":"KPL","quantityMultiplier":1,"brandName":"Saarioinen","slug":"saarioinen-balanssi-tomaatti-linssikeitto-310g","isAgeLimitedByAlcohol":false,"frozen":false,"packagingLabels":["Avainlippu"," Sydänmerkki"],"packagingLabelCodes":["FINNISH_HEART_SYMBOL"," MADE_IN_FINLAND_FLAG_WITH_KEY"],"hierarchyPath":[{"id":"1591691237218473","name":"Mikrokeitot","slug":"valmisruoka-1/valmisateriat-ja-keitot/mikrokeitot","__typename":"HierarchyPathItem"},{"id":"1591691237074396","name":"Valmisateriat ja -keitot","slug":"valmisruoka-1/valmisateriat-ja-keitot","__typename":"HierarchyPathItem"},{"id":"StructureGroup_1356670909914497","name":"Valmisruoka","slug":"valmisruoka-1","__typename":"HierarchyPathItem"}],"isGlobalFallback":null,"countryName":{"fi":"Suomi","__typename":"CountryName"}},{"id":"6412000032587","ean":"6412000032587","name":"Saarioinen Kanahampurilainen 150g","price":2.09,"storeId":725782447,"__typename":"Product","approxPrice":false,"basicQuantityUnit":"KPL","comparisonPrice":13.93,"comparisonUnit":"KGM","consumerPackageSize":null,"consumerPackageUnit":null,"priceUnit":"KPL","quantityMultiplier":1,"brandName":"Saarioinen","slug":"saarioinen-kanahampurilainen-150g","isAgeLimitedByAlcohol":false,"frozen":false,"packagingLabels":["Avainlippu"],"packagingLabelCodes":["MADE_IN_FINLAND_FLAG_WITH_KEY"],"hierarchyPath":[{"id":"1591691237074421","name":"Hampurilaiset ja hotdogit","slug":"valmisruoka-1/valmisateriat-ja-keitot/hampurilaiset-ja-hotdogit","__typename":"HierarchyPathItem"},{"id":"1591691237074396","name":"Valmisateriat ja -keitot","slug":"valmisruoka-1/valmisateriat-ja-keitot","__typename":"HierarchyPathItem"},{"id":"StructureGroup_1356670909914497","name":"Valmisruoka","slug":"valmisruoka-1","__typename":"HierarchyPathItem"}],"isGlobalFallback":null,"countryName":{"fi":"Suomi","__typename":"CountryName"}},{"id":"6412000032600","ean":"6412000032600","name":"Saarioinen Pihvihampurilainen 150g","price":2.09,"storeId":725782447,"__typename":"Product","approxPrice":false,"basicQuantityUnit":"KPL","comparisonPrice":13.93,"comparisonUnit":"KGM","consumerPackageSize":null,"consumerPackageUnit":null,"priceUnit":"KPL","quantityMultiplier":1,"brandName":"Saarioinen","slug":"saarioinen-pihvihampurilainen-150g","isAgeLimitedByAlcohol":false,"frozen":false,"packagingLabels":["Avainlippu"],"packagingLabelCodes":["MADE_IN_FINLAND_FLAG_WITH_KEY"],"hierarchyPath":[{"id":"1591691237074421","name":"Hampurilaiset ja hotdogit","slug":"valmisruoka-1/valmisateriat-ja-keitot/hampurilaiset-ja-hotdogit","__typename":"HierarchyPathItem"},{"id":"1591691237074396","name":"Valmisateriat ja -keitot","slug":"valmisruoka-1/valmisateriat-ja-keitot","__typename":"HierarchyPathItem"},{"id":"StructureGroup_1356670909914497","name":"Valmisruoka","slug":"valmisruoka-1","__typename":"HierarchyPathItem"}],"isGlobalFallback":null,"countryName":{"fi":"Suomi","__typename":"CountryName"}},{"id":"6412000033010","ean":"6412000033010","name":"Saarioinen Vispipuuro 300g","price":1.95,"storeId":725782447,"__typename":"Product","approxPrice":false,"basicQuantityUnit":"KPL","comparisonPrice":6.5,"comparisonUnit":"KGM","consumerPackageSize":null,"consumerPackageUnit":null,"priceUnit":"KPL","quantityMultiplier":1,"brandName":"Saarioinen","slug":"saarioinen-vispipuuro-300g","isAgeLimitedByAlcohol":false,"frozen":false,"packagingLabels":["Avainlippu"],"packagingLabelCodes":["MADE_IN_FINLAND_FLAG_WITH_KEY"],"hierarchyPath":[{"id":"1591691237218609","name":"Puurot ja vellit","slug":"valmisruoka-1/puurot-ja-kiisselit/puurot-ja-vellit","__typename":"HierarchyPathItem"},{"id":"1591691237074397","name":"Puurot ja kiisselit","slug":"valmisruoka-1/puurot-ja-kiisselit","__typename":"HierarchyPathItem"},{"id":"StructureGroup_1356670909914497","name":"Valmisruoka","slug":"valmisruoka-1","__typename":"HierarchyPathItem"}],"isGlobalFallback":null,"countryName":{"fi":"Suomi","__typename":"CountryName"}},{"id":"6412000033300","ean":"6412000033300","name":"Saarioinen Riisipuuro 300g","price":1.95,"storeId":725782447,"__typename":"Product","approxPrice":false,"basicQuantityUnit":"KPL","comparisonPrice":6.5,"comparisonUnit":"KGM","consumerPackageSize":null,"consumerPackageUnit":null,"priceUnit":"KPL","quantityMultiplier":1,"brandName":"Saarioinen","slug":"saarioinen-riisipuuro-300g","isAgeLimitedByAlcohol":false,"frozen":false,"packagingLabels":["Hyvää Suomesta (Sininen Joutsen)"],"packagingLabelCodes":["GOODS_FROM_FINLAND_BLUE_SWAN"],"hierarchyPath":[{"id":"1591691237218609","name":"Puurot ja vellit","slug":"valmisruoka-1/puurot-ja-kiisselit/puurot-ja-vellit","__typename":"HierarchyPathItem"},{"id":"1591691237074397","name":"Puurot ja kiisselit","slug":"valmisruoka-1/puurot-ja-kiisselit","__typename":"HierarchyPathItem"},{"id":"StructureGroup_1356670909914497","name":"Valmisruoka","slug":"valmisruoka-1","__typename":"HierarchyPathItem"}],"isGlobalFallback":null,"countryName":{"fi":"Suomi","__typename":"CountryName"}},{"id":"6412000033317","ean":"6412000033317","name":"Saarioinen Mannapuuro 300g","price":1.95,"storeId":725782447,"__typename":"Product","approxPrice":false,"basicQuantityUnit":"KPL","comparisonPrice":6.5,"comparisonUnit":"KGM","consumerPackageSize":null,"consumerPackageUnit":null,"priceUnit":"KPL","quantityMultiplier":1,"brandName":"Saarioinen","slug":"saarioinen-mannapuuro-300g","isAgeLimitedByAlcohol":false,"frozen":false,"packagingLabels":["Hyvää Suomesta (Sininen Joutsen)"],"packagingLabelCodes":["GOODS_FROM_FINLAND_BLUE_SWAN"],"hierarchyPath":[{"id":"1591691237218609","name":"Puurot ja vellit","slug":"valmisruoka-1/puurot-ja-kiisselit/puurot-ja-vellit","__typename":"HierarchyPathItem"},{"id":"1591691237074397","name":"Puurot ja kiisselit","slug":"valmisruoka-1/puurot-ja-kiisselit","__typename":"HierarchyPathItem"},{"id":"StructureGroup_1356670909914497","name":"Valmisruoka","slug":"valmisruoka-1","__typename":"HierarchyPathItem"}],"isGlobalFallback":null,"countryName":{"fi":"Suomi","__typename":"CountryName"}},{"id":"6412000033614","ean":"6412000033614","name":"Saarioinen Mansikka-vaniljakiisseli 175g","price":1.89,"storeId":725782447,"__typename":"Product","approxPrice":false,"basicQuantityUnit":"KPL","comparisonPrice":10.8,"comparisonUnit":"KGM","consumerPackageSize":null,"consumerPackageUnit":null,"priceUnit":"KPL","quantityMultiplier":1,"brandName":"Saarioinen","slug":"saarioinen-mansikka-vaniljakiisseli-175g","isAgeLimitedByAlcohol":false,"frozen":false,"packagingLabels":["Avainlippu"],"packagingLabelCodes":["MADE_IN_FINLAND_FLAG_WITH_KEY"],"hierarchyPath":[{"id":"1591691237218689","name":"Kiisselit","slug":"valmisruoka-1/puurot-ja-kiisselit/kiisselit","__typename":"HierarchyPathItem"},{"id":"1591691237074397","name":"Puurot ja kiisselit","slug":"valmisruoka-1/puurot-ja-kiisselit","__typename":"HierarchyPathItem"},{"id":"StructureGroup_1356670909914497","name":"Valmisruoka","slug":"valmisruoka-1","__typename":"HierarchyPathItem"}],"isGlobalFallback":null,"countryName":{"fi":"Suomi","__typename":"CountryName"}},{"id":"6412000034505","ean":"6412000034505","name":"Saarioinen Jauhelihapizza 200g","price":1.75,"storeId":725782447,"__typename":"Product","approxPrice":false,"basicQuantityUnit":"KPL","comparisonPrice":8.75,"comparisonUnit":"KGM","consumerPackageSize":null,"consumerPackageUnit":null,"priceUnit":"KPL","quantityMultiplier":1,"brandName":"Saarioinen","slug":"saarioinen-jauhelihapizza-200g","isAgeLimitedByAlcohol":false,"frozen":false,"packagingLabels":["Avainlippu"],"packagingLabelCodes":["MADE_IN_FINLAND_FLAG_WITH_KEY"],"hierarchyPath":[{"id":"1591691237074426","name":"Pizzat","slug":"valmisruoka-1/valmisateriat-ja-keitot/pizzat","__typename":"HierarchyPathItem"},{"id":"1591691237074396","name":"Valmisateriat ja -keitot","slug":"valmisruoka-1/valmisateriat-ja-keitot","__typename":"HierarchyPathItem"},{"id":"StructureGroup_1356670909914497","name":"Valmisruoka","slug":"valmisruoka-1","__typename":"HierarchyPathItem"}],"isGlobalFallback":null,"countryName":{"fi":"Suomi","__typename":"CountryName"}},{"id":"6412000034529","ean":"6412000034529","name":"Saarioinen Kinkkupizza 200g","price":1.79,"storeId":725782447,"__typename":"Product","approxPrice":false,"basicQuantityUnit":"KPL","comparisonPrice":8.95,"comparisonUnit":"KGM","consumerPackageSize":null,"consumerPackageUnit":null,"priceUnit":"KPL","quantityMultiplier":1,"brandName":"Saarioinen","slug":"saarioinen-kinkkupizza-200g","isAgeLimitedByAlcohol":false,"frozen":false,"packagingLabels":["Avainlippu"],"packagingLabelCodes":["MADE_IN_FINLAND_FLAG_WITH_KEY"],"hierarchyPath":[{"id":"1591691237074426","name":"Pizzat","slug":"valmisruoka-1/valmisateriat-ja-keitot/pizzat","__typename":"HierarchyPathItem"},{"id":"1591691237074396","name":"Valmisateriat ja -keitot","slug":"valmisruoka-1/valmisateriat-ja-keitot","__typename":"HierarchyPathItem"},{"id":"StructureGroup_1356670909914497","name":"Valmisruoka","slug":"valmisruoka-1","__typename":"HierarchyPathItem"}],"isGlobalFallback":null,"countryName":{"fi":"Suomi","__typename":"CountryName"}},{"id":"6412000034550","ean":"6412000034550","name":"Saarioinen Tonnikalapizza 200g","price":1.79,"storeId":725782447,"__typename":"Product","approxPrice":false,"basicQuantityUnit":"KPL","comparisonPrice":8.95,"comparisonUnit":"KGM","consumerPackageSize":null,"consumerPackageUnit":null,"priceUnit":"KPL","quantityMultiplier":1,"brandName":"Saarioinen","slug":"saarioinen-tonnikalapizza-200g","isAgeLimitedByAlcohol":false,"frozen":false,"packagingLabels":["Avainlippu"],"packagingLabelCodes":["MADE_IN_FINLAND_FLAG_WITH_KEY"],"hierarchyPath":[{"id":"1591691237074426","name":"Pizzat","slug":"valmisruoka-1/valmisateriat-ja-keitot/pizzat","__typename":"HierarchyPathItem"},{"id":"1591691237074396","name":"Valmisateriat ja -keitot","slug":"valmisruoka-1/valmisateriat-ja-keitot","__typename":"HierarchyPathItem"},{"id":"StructureGroup_1356670909914497","name":"Valmisruoka","slug":"valmisruoka-1","__typename":"HierarchyPathItem"}],"isGlobalFallback":null,"countryName":{"fi":"Suomi","__typename":"CountryName"}},{"id":"6412000034581","ean":"6412000034581","name":"Saarioinen Eväs Kana-caesarwrap 220g","price":4.15,"storeId":725782447,"__typename":"Product","approxPrice":false,"basicQuantityUnit":"KPL","comparisonPrice":18.86,"comparisonUnit":"KGM","consumerPackageSize":null,"consumerPackageUnit":null,"priceUnit":"KPL","quantityMultiplier":1,"brandName":"Saarioinen","slug":"saarioinen-evas-kana-caesarwrap-220g","isAgeLimitedByAlcohol":false,"frozen":false,"packagingLabels":[],"packagingLabelCodes":[],"hierarchyPath":[{"id":"1591691237218566","name":"Leivät, paninit ja wrapit","slug":"valmisruoka-1/valmisateriat-ja-keitot/leivat-paninit-ja-wrapit","__typename":"HierarchyPathItem"},{"id":"1591691237074396","name":"Valmisateriat ja -keitot","slug":"valmisruoka-1/valmisateriat-ja-keitot","__typename":"HierarchyPathItem"},{"id":"StructureGroup_1356670909914497","name":"Valmisruoka","slug":"valmisruoka-1","__typename":"HierarchyPathItem"}],"isGlobalFallback":null,"countryName":{"fi":"Viro","__typename":"CountryName"}},{"id":"6412000034840","ean":"6412000034840","name":"Saarioinen Laktoositon riisipuuro 270g","price":1.95,"storeId":725782447,"__typename":"Product","approxPrice":false,"basicQuantityUnit":"KPL","comparisonPrice":7.22,"comparisonUnit":"KGM","consumerPackageSize":null,"consumerPackageUnit":null,"priceUnit":"KPL","quantityMultiplier":1,"brandName":"Saarioinen","slug":"saarioinen-laktoositon-riisipuuro-270g","isAgeLimitedByAlcohol":false,"frozen":false,"packagingLabels":["Hyvää Suomesta (Sininen Joutsen)"],"packagingLabelCodes":["GOODS_FROM_FINLAND_BLUE_SWAN"],"hierarchyPath":[{"id":"1591691237218609","name":"Puurot ja vellit","slug":"valmisruoka-1/puurot-ja-kiisselit/puurot-ja-vellit","__typename":"HierarchyPathItem"},{"id":"1591691237074397","name":"Puurot ja kiisselit","slug":"valmisruoka-1/puurot-ja-kiisselit","__typename":"HierarchyPathItem"},{"id":"StructureGroup_1356670909914497","name":"Valmisruoka","slug":"valmisruoka-1","__typename":"HierarchyPathItem"}],"isGlobalFallback":null,"countryName":{"fi":"Suomi","__typename":"CountryName"}},{"id":"6412000036059","ean":"6412000036059","name":"Saarioinen Rosolli 300g","price":2.89,"storeId":725782447,"__typename":"Product","approxPrice":false,"basicQuantityUnit":"KPL","comparisonPrice":9.63,"comparisonUnit":"KGM","consumerPackageSize":null,"consumerPackageUnit":null,"priceUnit":"KPL","quantityMultiplier":1,"brandName":"Saarioinen","slug":"saarioinen-rosolli-300g","isAgeLimitedByAlcohol":false,"frozen":false,"packagingLabels":["Hyvää Suomesta (Sininen Joutsen)"],"packagingLabelCodes":["GOODS_FROM_FINLAND_BLUE_SWAN"],"hierarchyPath":[{"id":"1591691237218603","name":"Lisäkesalaatit ja tuorepasta","slug":"valmisruoka-1/lisakesalaatit-ja-tuorepasta","__typename":"HierarchyPathItem"},{"id":"StructureGroup_1356670909914497","name":"Valmisruoka","slug":"valmisruoka-1","__typename":"HierarchyPathItem"}],"isGlobalFallback":null,"countryName":{"fi":"Suomi","__typename":"CountryName"}},{"id":"6412000036127","ean":"6412000036127","name":"Saarioinen Eväs Tonnikala-pastasalaatti 250g","price":2.95,"storeId":725782447,"__typename":"Product","approxPrice":false,"basicQuantityUnit":"KPL","comparisonPrice":11.8,"comparisonUnit":"KGM","consumerPackageSize":null,"consumerPackageUnit":null,"priceUnit":"KPL","quantityMultiplier":1,"brandName":"Saarioinen","slug":"saarioinen-evas-tonnikala-pastasalaatti-250g","isAgeLimitedByAlcohol":false,"frozen":false,"packagingLabels":[],"packagingLabelCodes":[],"hierarchyPath":[{"id":"1591691237218097","name":"Salaattiateriat","slug":"valmisruoka-1/valmisateriat-ja-keitot/salaattiateriat","__typename":"HierarchyPathItem"},{"id":"1591691237074396","name":"Valmisateriat ja -keitot","slug":"valmisruoka-1/valmisateriat-ja-keitot","__typename":"HierarchyPathItem"},{"id":"StructureGroup_1356670909914497","name":"Valmisruoka","slug":"valmisruoka-1","__typename":"HierarchyPathItem"}],"isGlobalFallback":null,"countryName":{"fi":"Suomi","__typename":"CountryName"}},{"id":"6412000036929","ean":"6412000036929","name":"Saarioinen Raikas kasvissalaatti 250g","price":2.49,"storeId":725782447,"__typename":"Product","approxPrice":false,"basicQuantityUnit":"KPL","comparisonPrice":9.96,"comparisonUnit":"KGM","consumerPackageSize":null,"consumerPackageUnit":null,"priceUnit":"KPL","quantityMultiplier":1,"brandName":"Saarioinen","slug":"saarioinen-raikas-kasvissalaatti-250g","isAgeLimitedByAlcohol":false,"frozen":false,"packagingLabels":["Avainlippu"," Sydänmerkki"],"packagingLabelCodes":["FINNISH_HEART_SYMBOL"," MADE_IN_FINLAND_FLAG_WITH_KEY"],"hierarchyPath":[{"id":"1591691237218603","name":"Lisäkesalaatit ja tuorepasta","slug":"valmisruoka-1/lisakesalaatit-ja-tuorepasta","__typename":"HierarchyPathItem"},{"id":"StructureGroup_1356670909914497","name":"Valmisruoka","slug":"valmisruoka-1","__typename":"HierarchyPathItem"}],"isGlobalFallback":null,"countryName":{"fi":"Suomi","__typename":"CountryName"}},{"id":"6412000039647","ean":"6412000039647","name":"Saarioinen Broilerpyörykät 400g","price":3.09,"storeId":725782447,"__typename":"Product","approxPrice":false,"basicQuantityUnit":"KPL","comparisonPrice":7.73,"comparisonUnit":"KGM","consumerPackageSize":null,"consumerPackageUnit":null,"priceUnit":"KPL","quantityMultiplier":1,"brandName":"Saarioinen","slug":"saarioinen-broilerpyorykat-400g","isAgeLimitedByAlcohol":false,"frozen":false,"packagingLabels":["Hyvää Suomesta (Sininen Joutsen)"],"packagingLabelCodes":["GOODS_FROM_FINLAND_BLUE_SWAN"],"hierarchyPath":[{"id":"1591691237074406","name":"Pyörykät","slug":"valmisruoka-1/pyorykat-pihvit-ja-ohukaiset/pyorykat","__typename":"HierarchyPathItem"},{"id":"1591691237074393","name":"Pyörykät, pihvit ja ohukaiset","slug":"valmisruoka-1/pyorykat-pihvit-ja-ohukaiset","__typename":"HierarchyPathItem"},{"id":"StructureGroup_1356670909914497","name":"Valmisruoka","slug":"valmisruoka-1","__typename":"HierarchyPathItem"}],"isGlobalFallback":null,"countryName":{"fi":"Suomi","__typename":"CountryName"}},{"id":"6412000044153","ean":"6412000044153","name":"Saarioinen Grahamlihapiirakka 4kpl 280g","price":3.25,"storeId":725782447,"__typename":"Product","approxPrice":false,"basicQuantityUnit":"KPL","comparisonPrice":11.61,"comparisonUnit":"KGM","consumerPackageSize":null,"consumerPackageUnit":null,"priceUnit":"KPL","quantityMultiplier":1,"brandName":"Saarioinen","slug":"saarioinen-grahamlihapiirakka-4kpl-280g","isAgeLimitedByAlcohol":false,"frozen":false,"packagingLabels":["Avainlippu"],"packagingLabelCodes":["MADE_IN_FINLAND_FLAG_WITH_KEY"],"hierarchyPath":[{"id":"1591691237074427","name":"Piirakat ja pasteijat","slug":"valmisruoka-1/valmisateriat-ja-keitot/piirakat-ja-pasteijat","__typename":"HierarchyPathItem"},{"id":"1591691237074396","name":"Valmisateriat ja -keitot","slug":"valmisruoka-1/valmisateriat-ja-keitot","__typename":"HierarchyPathItem"},{"id":"StructureGroup_1356670909914497","name":"Valmisruoka","slug":"valmisruoka-1","__typename":"HierarchyPathItem"}],"isGlobalFallback":null,"countryName":{"fi":"Suomi","__typename":"CountryName"}},{"id":"6412000073986","ean":"6412000073986","name":"Saarioinen Kultakinkku limiviipale, kokolihavalmiste 200g","price":4.09,"storeId":725782447,"__typename":"Product","approxPrice":false,"basicQuantityUnit":"KPL","comparisonPrice":20.45,"comparisonUnit":"KGM","consumerPackageSize":null,"consumerPackageUnit":null,"priceUnit":"KPL","quantityMultiplier":1,"brandName":"Saarioinen","slug":"saarioinen-kultakinkku-limiviipale-kokolihavalmiste-200g","isAgeLimitedByAlcohol":false,"frozen":false,"packagingLabels":["Sydänmerkki"],"packagingLabelCodes":["FINNISH_HEART_SYMBOL"],"hierarchyPath":[{"id":"1591691245926570","name":"Kokolihaleikkeet","slug":"liha-ja-kasviproteiinit-1/kinkut-ja-leikkeleet/kokolihaleikkeet","__typename":"HierarchyPathItem"},{"id":"Herkku_00000156","name":"Kinkut ja leikkeleet","slug":"liha-ja-kasviproteiinit-1/kinkut-ja-leikkeleet","__typename":"HierarchyPathItem"},{"id":"Herkku_00000014","name":"Liha ja kasviproteiinit","slug":"liha-ja-kasviproteiinit-1","__typename":"HierarchyPathItem"}],"isGlobalFallback":null,"countryName":{"fi":"Suomi","__typename":"CountryName"}},{"id":"6412000074341","ean":"6412000074341","name":"Saarioinen Kultakalkkuna limiviipale, kokolihavalmiste 200g","price":4.09,"storeId":725782447,"__typename":"Product","approxPrice":false,"basicQuantityUnit":"KPL","comparisonPrice":20.45,"comparisonUnit":"KGM","consumerPackageSize":null,"consumerPackageUnit":null,"priceUnit":"KPL","quantityMultiplier":1,"brandName":"Saarioinen","slug":"saarioinen-kultakalkkuna-limiviipale-kokolihavalmiste-200g","isAgeLimitedByAlcohol":false,"frozen":false,"packagingLabels":["Sydänmerkki"],"packagingLabelCodes":["FINNISH_HEART_SYMBOL"],"hierarchyPath":[{"id":"1591691245926570","name":"Kokolihaleikkeet","slug":"liha-ja-kasviproteiinit-1/kinkut-ja-leikkeleet/kokolihaleikkeet","__typename":"HierarchyPathItem"},{"id":"Herkku_00000156","name":"Kinkut ja leikkeleet","slug":"liha-ja-kasviproteiinit-1/kinkut-ja-leikkeleet","__typename":"HierarchyPathItem"},{"id":"Herkku_00000014","name":"Liha ja kasviproteiinit","slug":"liha-ja-kasviproteiinit-1","__typename":"HierarchyPathItem"}],"isGlobalFallback":null,"countryName":{"fi":"Suomi","__typename":"CountryName"}},{"id":"6412000081240","ean":"6412000081240","name":"Saarioinen Pippurikalkkuna limiviipale, kokolihavalmiste kalkkunan- ja broilerinfileestä 200g","price":4.09,"storeId":725782447,"__typename":"Product","approxPrice":false,"basicQuantityUnit":"KPL","comparisonPrice":20.45,"comparisonUnit":"KGM","consumerPackageSize":null,"consumerPackageUnit":null,"priceUnit":"KPL","quantityMultiplier":1,"brandName":"Saarioinen","slug":"saarioinen-pippurikalkkuna-limiviipale-kokolihavalmiste-kalkkunan-ja-broilerinfileesta-200g","isAgeLimitedByAlcohol":false,"frozen":false,"packagingLabels":["Sydänmerkki"],"packagingLabelCodes":["FINNISH_HEART_SYMBOL"],"hierarchyPath":[{"id":"1591691245926570","name":"Kokolihaleikkeet","slug":"liha-ja-kasviproteiinit-1/kinkut-ja-leikkeleet/kokolihaleikkeet","__typename":"HierarchyPathItem"},{"id":"Herkku_00000156","name":"Kinkut ja leikkeleet","slug":"liha-ja-kasviproteiinit-1/kinkut-ja-leikkeleet","__typename":"HierarchyPathItem"},{"id":"Herkku_00000014","name":"Liha ja kasviproteiinit","slug":"liha-ja-kasviproteiinit-1","__typename":"HierarchyPathItem"}],"isGlobalFallback":null,"countryName":{"fi":"Suomi","__typename":"CountryName"}},{"id":"6412203102001","ean":"6412203102001","name":"Erittäin Hieno Suomalainen Hiushoito 300ml","price":2.29,"storeId":725782447,"__typename":"Product","approxPrice":false,"basicQuantityUnit":"KPL","comparisonPrice":7.63,"comparisonUnit":"LTR","consumerPackageSize":null,"consumerPackageUnit":null,"priceUnit":"KPL","quantityMultiplier":1,"brandName":"Erittäin Hieno Suomalainen","slug":"erittain-hieno-suomalainen-hiushoito-300ml","isAgeLimitedByAlcohol":false,"frozen":false,"packagingLabels":["Avainlippu"," VEGAN_SOCIETY_VEGAN_LOGO"],"packagingLabelCodes":["MADE_IN_FINLAND_FLAG_WITH_KEY"," VEGAN_SOCIETY_VEGAN_LOGO"],"hierarchyPath":[{"id":"1591691233415303","name":"Hiustenhoitoaineet","slug":"kosmetiikka-ja-hygienia/hiukset-ja-hiustenhoito/hiustenhoitoaineet","__typename":"HierarchyPathItem"},{"id":"1591691233415300","name":"Hiukset ja hiustenhoito","slug":"kosmetiikka-ja-hygienia/hiukset-ja-hiustenhoito","__typename":"HierarchyPathItem"},{"id":"1591691233334707","name":"Kosmetiikka ja hygienia","slug":"kosmetiikka-ja-hygienia","__typename":"HierarchyPathItem"}],"isGlobalFallback":null,"countryName":{"fi":"Suomi","__typename":"CountryName"}},{"id":"6412324441515","ean":"6412324441515","name":"Hunajayhtymä Suomalainen Kukkaishunaja 450g","price":5.95,"storeId":725782447,"__typename":"Product","approxPrice":false,"basicQuantityUnit":"KPL","comparisonPrice":13.22,"comparisonUnit":"KGM","consumerPackageSize":null,"consumerPackageUnit":null,"priceUnit":"KPL","quantityMultiplier":1,"brandName":"Hunajayhtymä","slug":"hunajayhtyma-suomalainen-kukkaishunaja-450g","isAgeLimitedByAlcohol":false,"frozen":false,"packagingLabels":["Hyvää Suomesta (Sininen Joutsen)"],"packagingLabelCodes":["GOODS_FROM_FINLAND_BLUE_SWAN"],"hierarchyPath":[{"id":"Herkku_00000448","name":"Hunajat","slug":"kuivatuotteet-ja-leivonta-1/sokerit-makeutusaineet-ja-hunaja/hunajat","__typename":"HierarchyPathItem"},{"id":"Herkku_00000084","name":"Sokerit, makeutusaineet ja hunaja","slug":"kuivatuotteet-ja-leivonta-1/sokerit-makeutusaineet-ja-hunaja","__typename":"HierarchyPathItem"},{"id":"Herkku_00000007","name":"Kuivatuotteet ja leivonta","slug":"kuivatuotteet-ja-leivonta-1","__typename":"HierarchyPathItem"}],"isGlobalFallback":null,"countryName":{"fi":"Suomi","__typename":"CountryName"}},{"id":"6412500002134","ean":"6412500002134","name":"Panda tumma suklaalevy 145g","price":1.89,"storeId":725782447,"__typename":"Product","approxPrice":false,"basicQuantityUnit":"KPL","comparisonPrice":13.03,"comparisonUnit":"KGM","consumerPackageSize":null,"consumerPackageUnit":null,"priceUnit":"KPL","quantityMultiplier":1,"brandName":"Panda","slug":"panda-tumma-suklaalevy-145g","isAgeLimitedByAlcohol":false,"frozen":false,"packagingLabels":["Rainforest alliance certified (Sammakko-merkki)"],"packagingLabelCodes":["RAINFOREST_ALLIANCE"],"hierarchyPath":[{"id":"Herkku_00000334","name":"Suklaalevyt","slug":"makeiset-ja-naposteltavat-1/suklaat/suklaalevyt","__typename":"HierarchyPathItem"},{"id":"Herkku_00000060","name":"Suklaat","slug":"makeiset-ja-naposteltavat-1/suklaat","__typename":"HierarchyPathItem"},{"id":"Herkku_00000009","name":"Makeiset ja naposteltavat","slug":"makeiset-ja-naposteltavat-1","__typename":"HierarchyPathItem"}],"isGlobalFallback":null,"countryName":{"fi":"Suomi","__typename":"CountryName"}},{"id":"6412500002141","ean":"6412500002141","name":"Panda valkosuklaalevy 145g","price":1.89,"storeId":725782447,"__typename":"Product","approxPrice":false,"basicQuantityUnit":"KPL","comparisonPrice":13.03,"comparisonUnit":"KGM","consumerPackageSize":null,"consumerPackageUnit":null,"priceUnit":"KPL","quantityMultiplier":1,"brandName":"Panda","slug":"panda-valkosuklaalevy-145g","isAgeLimitedByAlcohol":false,"frozen":false,"packagingLabels":["Rainforest alliance certified (Sammakko-merkki)"],"packagingLabelCodes":["RAINFOREST_ALLIANCE"],"hierarchyPath":[{"id":"Herkku_00000334","name":"Suklaalevyt","slug":"makeiset-ja-naposteltavat-1/suklaat/suklaalevyt","__typename":"HierarchyPathItem"},{"id":"Herkku_00000060","name":"Suklaat","slug":"makeiset-ja-naposteltavat-1/suklaat","__typename":"HierarchyPathItem"},{"id":"Herkku_00000009","name":"Makeiset ja naposteltavat","slug":"makeiset-ja-naposteltavat-1","__typename":"HierarchyPathItem"}],"isGlobalFallback":null,"countryName":{"fi":"Suomi","__typename":"CountryName"}},{"id":"6412500003803","ean":"6412500003803","name":"Panda Enkeli suklaapatukka 209g","price":2.75,"storeId":725782447,"__typename":"Product","approxPrice":false,"basicQuantityUnit":"KPL","comparisonPrice":13.16,"comparisonUnit":"KGM","consumerPackageSize":null,"consumerPackageUnit":null,"priceUnit":"KPL","quantityMultiplier":1,"brandName":"Panda","slug":"panda-enkeli-suklaapatukka-209g","isAgeLimitedByAlcohol":false,"frozen":false,"packagingLabels":["Rainforest alliance certified (Sammakko-merkki)"],"packagingLabelCodes":["RAINFOREST_ALLIANCE"],"hierarchyPath":[{"id":"Herkku_00000326","name":"Suklaa","slug":"makeiset-ja-naposteltavat-1/karkkipussit/suklaa","__typename":"HierarchyPathItem"},{"id":"Herkku_00000055","name":"Karkkipussit","slug":"makeiset-ja-naposteltavat-1/karkkipussit","__typename":"HierarchyPathItem"},{"id":"Herkku_00000009","name":"Makeiset ja naposteltavat","slug":"makeiset-ja-naposteltavat-1","__typename":"HierarchyPathItem"}],"isGlobalFallback":null,"countryName":{"fi":"Suomi","__typename":"CountryName"}},{"id":"6412500011938","ean":"6412500011938","name":"Panda Juhlapöydän suklaakonvehti 300g","price":4.25,"storeId":725782447,"__typename":"Product","approxPrice":false,"basicQuantityUnit":"KPL","comparisonPrice":14.17,"comparisonUnit":"KGM","consumerPackageSize":null,"consumerPackageUnit":null,"priceUnit":"KPL","quantityMultiplier":1,"brandName":"Panda","slug":"panda-juhlapoydan-suklaakonvehti-300g","isAgeLimitedByAlcohol":false,"frozen":false,"packagingLabels":["PEFC Programme for Endorsement of Forest Certification"],"packagingLabelCodes":["PEFC"],"hierarchyPath":[{"id":"Herkku_00000343","name":"Konvehtirasiat","slug":"makeiset-ja-naposteltavat-1/sesonki-ja-lahjamakeiset/konvehtirasiat","__typename":"HierarchyPathItem"},{"id":"Herkku_00000061","name":"Sesonki- ja lahjamakeiset","slug":"makeiset-ja-naposteltavat-1/sesonki-ja-lahjamakeiset","__typename":"HierarchyPathItem"},{"id":"Herkku_00000009","name":"Makeiset ja naposteltavat","slug":"makeiset-ja-naposteltavat-1","__typename":"HierarchyPathItem"}],"isGlobalFallback":null,"countryName":{"fi":"Suomi","__typename":"CountryName"}},{"id":"6412500070003","ean":"6412500070003","name":"Panda Pepe original lakritsipatukka 32g","price":0.45,"storeId":725782447,"__typename":"Product","approxPrice":false,"basicQuantityUnit":"KPL","comparisonPrice":14.06,"comparisonUnit":"KGM","consumerPackageSize":null,"consumerPackageUnit":null,"priceUnit":"KPL","quantityMultiplier":1,"brandName":"Panda","slug":"panda-pepe-original-lakritsipatukka-32g","isAgeLimitedByAlcohol":false,"frozen":false,"packagingLabels":[],"packagingLabelCodes":[],"hierarchyPath":[{"id":"Herkku_00000318","name":"Lakritsi","slug":"makeiset-ja-naposteltavat-1/muut-makeiset/lakritsi","__typename":"HierarchyPathItem"},{"id":"Herkku_00000057","name":"Muut makeiset","slug":"makeiset-ja-naposteltavat-1/muut-makeiset","__typename":"HierarchyPathItem"},{"id":"Herkku_00000009","name":"Makeiset ja naposteltavat","slug":"makeiset-ja-naposteltavat-1","__typename":"HierarchyPathItem"}],"isGlobalFallback":null,"countryName":{"fi":"Suomi","__typename":"CountryName"}},{"id":"6412500070188","ean":"6412500070188","name":"Panda Paksu Pepe XXL original 80g","price":1.05,"storeId":725782447,"__typename":"Product","approxPrice":false,"basicQuantityUnit":"KPL","comparisonPrice":13.13,"comparisonUnit":"KGM","consumerPackageSize":null,"consumerPackageUnit":null,"priceUnit":"KPL","quantityMultiplier":1,"brandName":"Panda","slug":"panda-paksu-pepe-xxl-original-80g","isAgeLimitedByAlcohol":false,"frozen":false,"packagingLabels":[],"packagingLabelCodes":[],"hierarchyPath":[{"id":"Herkku_00000318","name":"Lakritsi","slug":"makeiset-ja-naposteltavat-1/muut-makeiset/lakritsi","__typename":"HierarchyPathItem"},{"id":"Herkku_00000057","name":"Muut makeiset","slug":"makeiset-ja-naposteltavat-1/muut-makeiset","__typename":"HierarchyPathItem"},{"id":"Herkku_00000009","name":"Makeiset ja naposteltavat","slug":"makeiset-ja-naposteltavat-1","__typename":"HierarchyPathItem"}],"isGlobalFallback":null,"countryName":{"fi":"Suomi","__typename":"CountryName"}},{"id":"6412500073172","ean":"6412500073172","name":"Panda Pepe salmiakki lakritsipatukka 32g","price":0.45,"storeId":725782447,"__typename":"Product","approxPrice":false,"basicQuantityUnit":"KPL","comparisonPrice":14.06,"comparisonUnit":"KGM","consumerPackageSize":null,"consumerPackageUnit":null,"priceUnit":"KPL","quantityMultiplier":1,"brandName":"Panda","slug":"panda-pepe-salmiakki-lakritsipatukka-32g","isAgeLimitedByAlcohol":false,"frozen":false,"packagingLabels":[],"packagingLabelCodes":[],"hierarchyPath":[{"id":"Herkku_00000318","name":"Lakritsi","slug":"makeiset-ja-naposteltavat-1/muut-makeiset/lakritsi","__typename":"HierarchyPathItem"},{"id":"Herkku_00000057","name":"Muut makeiset","slug":"makeiset-ja-naposteltavat-1/muut-makeiset","__typename":"HierarchyPathItem"},{"id":"Herkku_00000009","name":"Makeiset ja naposteltavat","slug":"makeiset-ja-naposteltavat-1","__typename":"HierarchyPathItem"}],"isGlobalFallback":null,"countryName":{"fi":"Suomi","__typename":"CountryName"}},{"id":"6412500073431","ean":"6412500073431","name":"Panda Pop mansikkapehmis täytelakritsipatukka 22g","price":0.32,"storeId":725782447,"__typename":"Product","approxPrice":false,"basicQuantityUnit":"KPL","comparisonPrice":14.55,"comparisonUnit":"KGM","consumerPackageSize":null,"consumerPackageUnit":null,"priceUnit":"KPL","quantityMultiplier":1,"brandName":"Panda","slug":"panda-pop-mansikkapehmis-taytelakritsipatukka-22g","isAgeLimitedByAlcohol":false,"frozen":false,"packagingLabels":[],"packagingLabelCodes":[],"hierarchyPath":[{"id":"Herkku_00000318","name":"Lakritsi","slug":"makeiset-ja-naposteltavat-1/muut-makeiset/lakritsi","__typename":"HierarchyPathItem"},{"id":"Herkku_00000057","name":"Muut makeiset","slug":"makeiset-ja-naposteltavat-1/muut-makeiset","__typename":"HierarchyPathItem"},{"id":"Herkku_00000009","name":"Makeiset ja naposteltavat","slug":"makeiset-ja-naposteltavat-1","__typename":"HierarchyPathItem"}],"isGlobalFallback":null,"countryName":{"fi":"Suomi","__typename":"CountryName"}},{"id":"6412500073455","ean":"6412500073455","name":"Panda Pop kermatoffee täytelakritsipatukka 22g","price":0.32,"storeId":725782447,"__typename":"Product","approxPrice":false,"basicQuantityUnit":"KPL","comparisonPrice":14.55,"comparisonUnit":"KGM","consumerPackageSize":null,"consumerPackageUnit":null,"priceUnit":"KPL","quantityMultiplier":1,"brandName":"Panda","slug":"panda-pop-kermatoffee-taytelakritsipatukka-22g","isAgeLimitedByAlcohol":false,"frozen":false,"packagingLabels":[],"packagingLabelCodes":[],"hierarchyPath":[{"id":"Herkku_00000318","name":"Lakritsi","slug":"makeiset-ja-naposteltavat-1/muut-makeiset/lakritsi","__typename":"HierarchyPathItem"},{"id":"Herkku_00000057","name":"Muut makeiset","slug":"makeiset-ja-naposteltavat-1/muut-makeiset","__typename":"HierarchyPathItem"},{"id":"Herkku_00000009","name":"Makeiset ja naposteltavat","slug":"makeiset-ja-naposteltavat-1","__typename":"HierarchyPathItem"}],"isGlobalFallback":null,"countryName":{"fi":"Suomi","__typename":"CountryName"}},{"id":"6412500074063","ean":"6412500074063","name":"Panda LakuMix original lakritsisekoitus 275g","price":2.59,"storeId":725782447,"__typename":"Product","approxPrice":false,"basicQuantityUnit":"KPL","comparisonPrice":9.42,"comparisonUnit":"KGM","consumerPackageSize":null,"consumerPackageUnit":null,"priceUnit":"KPL","quantityMultiplier":1,"brandName":"Panda","slug":"panda-lakumix-original-lakritsisekoitus-275g","isAgeLimitedByAlcohol":false,"frozen":false,"packagingLabels":[],"packagingLabelCodes":[],"hierarchyPath":[{"id":"Herkku_00000318","name":"Lakritsi","slug":"makeiset-ja-naposteltavat-1/muut-makeiset/lakritsi","__typename":"HierarchyPathItem"},{"id":"Herkku_00000057","name":"Muut makeiset","slug":"makeiset-ja-naposteltavat-1/muut-makeiset","__typename":"HierarchyPathItem"},{"id":"Herkku_00000009","name":"Makeiset ja naposteltavat","slug":"makeiset-ja-naposteltavat-1","__typename":"HierarchyPathItem"}],"isGlobalFallback":null,"countryName":{"fi":"Suomi","__typename":"CountryName"}},{"id":"6412500075206","ean":"6412500075206","name":"Panda Lakupala lakritsi 250g","price":1.89,"storeId":725782447,"__typename":"Product","approxPrice":false,"basicQuantityUnit":"KPL","comparisonPrice":7.56,"comparisonUnit":"KGM","consumerPackageSize":null,"consumerPackageUnit":null,"priceUnit":"KPL","quantityMultiplier":1,"brandName":"Panda","slug":"panda-lakupala-lakritsi-250g","isAgeLimitedByAlcohol":false,"frozen":false,"packagingLabels":[],"packagingLabelCodes":[],"hierarchyPath":[{"id":"Herkku_00000325","name":"Salmiakki ja lakritsi","slug":"makeiset-ja-naposteltavat-1/karkkipussit/salmiakki-ja-lakritsi","__typename":"HierarchyPathItem"},{"id":"Herkku_00000055","name":"Karkkipussit","slug":"makeiset-ja-naposteltavat-1/karkkipussit","__typename":"HierarchyPathItem"},{"id":"Herkku_00000009","name":"Makeiset ja naposteltavat","slug":"makeiset-ja-naposteltavat-1","__typename":"HierarchyPathItem"}],"isGlobalFallback":null,"countryName":{"fi":"Suomi","__typename":"CountryName"}},{"id":"6412500076005","ean":"6412500076005","name":"Panda Lakupala suklaa lakritsi 180g","price":1.99,"storeId":725782447,"__typename":"Product","approxPrice":false,"basicQuantityUnit":"KPL","comparisonPrice":11.06,"comparisonUnit":"KGM","consumerPackageSize":null,"consumerPackageUnit":null,"priceUnit":"KPL","quantityMultiplier":1,"brandName":"Panda","slug":"panda-lakupala-suklaa-lakritsi-180g","isAgeLimitedByAlcohol":false,"frozen":false,"packagingLabels":["Rainforest alliance certified (Sammakko-merkki)"],"packagingLabelCodes":["RAINFOREST_ALLIANCE"],"hierarchyPath":[{"id":"Herkku_00000325","name":"Salmiakki ja lakritsi","slug":"makeiset-ja-naposteltavat-1/karkkipussit/salmiakki-ja-lakritsi","__typename":"HierarchyPathItem"},{"id":"Herkku_00000055","name":"Karkkipussit","slug":"makeiset-ja-naposteltavat-1/karkkipussit","__typename":"HierarchyPathItem"},{"id":"Herkku_00000009","name":"Makeiset ja naposteltavat","slug":"makeiset-ja-naposteltavat-1","__typename":"HierarchyPathItem"}],"isGlobalFallback":null,"countryName":{"fi":"Suomi","__typename":"CountryName"}},{"id":"6412600813302","ean":"6412600813302","name":"Lumene KLASSIKKO Kosteuttava päivävoide kaikille ihotyypeille 50ml","price":5.29,"storeId":725782447,"__typename":"Product","approxPrice":false,"basicQuantityUnit":"KPL","comparisonPrice":105.8,"comparisonUnit":"LTR","consumerPackageSize":null,"consumerPackageUnit":null,"priceUnit":"KPL","quantityMultiplier":1,"brandName":"Lumene","slug":"lumene-klassikko-kosteuttava-paivavoide-kaikille-ihotyypeille-50ml","isAgeLimitedByAlcohol":false,"frozen":false,"packagingLabels":[],"packagingLabelCodes":[],"hierarchyPath":[{"id":"1591691233334745","name":"Päivävoiteet","slug":"kosmetiikka-ja-hygienia/kasvojenhoito/paivavoiteet","__typename":"HierarchyPathItem"},{"id":"1591691233334725","name":"Kasvojenhoito","slug":"kosmetiikka-ja-hygienia/kasvojenhoito","__typename":"HierarchyPathItem"},{"id":"1591691233334707","name":"Kosmetiikka ja hygienia","slug":"kosmetiikka-ja-hygienia","__typename":"HierarchyPathItem"}],"isGlobalFallback":null,"countryName":{"fi":"Suomi","__typename":"CountryName"}},{"id":"6412600813333","ean":"6412600813333","name":"Lumene KLASSIKKO Uudistava yövoide 50ml","price":5.45,"storeId":725782447,"__typename":"Product","approxPrice":false,"basicQuantityUnit":"KPL","comparisonPrice":109,"comparisonUnit":"LTR","consumerPackageSize":null,"consumerPackageUnit":null,"priceUnit":"KPL","quantityMultiplier":1,"brandName":"Lumene","slug":"lumene-klassikko-uudistava-yovoide-50ml","isAgeLimitedByAlcohol":false,"frozen":false,"packagingLabels":[],"packagingLabelCodes":[],"hierarchyPath":[{"id":"1591691233334746","name":"Yövoiteet","slug":"kosmetiikka-ja-hygienia/kasvojenhoito/yovoiteet","__typename":"HierarchyPathItem"},{"id":"1591691233334725","name":"Kasvojenhoito","slug":"kosmetiikka-ja-hygienia/kasvojenhoito","__typename":"HierarchyPathItem"},{"id":"1591691233334707","name":"Kosmetiikka ja hygienia","slug":"kosmetiikka-ja-hygienia","__typename":"HierarchyPathItem"}],"isGlobalFallback":null,"countryName":{"fi":"Suomi","__typename":"CountryName"}},{"id":"6412600813357","ean":"6412600813357","name":"Lumene KLASSIKKO Syväpuhdistava puhdistusgeeli kaikille ihotyypeille 150ml","price":4.35,"storeId":725782447,"__typename":"Product","approxPrice":false,"basicQuantityUnit":"KPL","comparisonPrice":29,"comparisonUnit":"LTR","consumerPackageSize":null,"consumerPackageUnit":null,"priceUnit":"KPL","quantityMultiplier":1,"brandName":"Lumene","slug":"lumene-klassikko-syvapuhdistava-puhdistusgeeli-kaikille-ihotyypeille-150ml","isAgeLimitedByAlcohol":false,"frozen":false,"packagingLabels":[],"packagingLabelCodes":[],"hierarchyPath":[{"id":"1591691233334726","name":"Kasvojen puhdistus","slug":"kosmetiikka-ja-hygienia/kasvojenhoito/kasvojen-puhdistus","__typename":"HierarchyPathItem"},{"id":"1591691233334725","name":"Kasvojenhoito","slug":"kosmetiikka-ja-hygienia/kasvojenhoito","__typename":"HierarchyPathItem"},{"id":"1591691233334707","name":"Kosmetiikka ja hygienia","slug":"kosmetiikka-ja-hygienia","__typename":"HierarchyPathItem"}],"isGlobalFallback":null,"countryName":{"fi":"Suomi","__typename":"CountryName"}},{"id":"6412600813456","ean":"6412600813456","name":"Lumene KLASSIKKO Puhdistusliinat kaikille ihotyypeille 25kpl","price":2.85,"storeId":725782447,"__typename":"Product","approxPrice":false,"basicQuantityUnit":"KPL","comparisonPrice":0.11,"comparisonUnit":"PCE","consumerPackageSize":null,"consumerPackageUnit":null,"priceUnit":"KPL","quantityMultiplier":1,"brandName":"Lumene","slug":"lumene-klassikko-puhdistusliinat-kaikille-ihotyypeille-25kpl","isAgeLimitedByAlcohol":false,"frozen":false,"packagingLabels":["Avainlippu"],"packagingLabelCodes":["MADE_IN_FINLAND_FLAG_WITH_KEY"],"hierarchyPath":[{"id":"1591691233334732","name":"Puhdistusliinat ja meikinpoisto","slug":"kosmetiikka-ja-hygienia/kasvojenhoito/puhdistusliinat-ja-meikinpoisto","__typename":"HierarchyPathItem"},{"id":"1591691233334725","name":"Kasvojenhoito","slug":"kosmetiikka-ja-hygienia/kasvojenhoito","__typename":"HierarchyPathItem"},{"id":"1591691233334707","name":"Kosmetiikka ja hygienia","slug":"kosmetiikka-ja-hygienia","__typename":"HierarchyPathItem"}],"isGlobalFallback":null,"countryName":{"fi":"Suomi","__typename":"CountryName"}},{"id":"6412600814965","ean":"6412600814965","name":"Lumene KLASSIKKO Micellar-puhdistusvesi 200ml","price":4.65,"storeId":725782447,"__typename":"Product","approxPrice":false,"basicQuantityUnit":"KPL","comparisonPrice":23.25,"comparisonUnit":"LTR","consumerPackageSize":null,"consumerPackageUnit":null,"priceUnit":"KPL","quantityMultiplier":1,"brandName":"Lumene","slug":"lumene-klassikko-micellar-puhdistusvesi-200ml","isAgeLimitedByAlcohol":false,"frozen":false,"packagingLabels":[],"packagingLabelCodes":[],"hierarchyPath":[{"id":"1591691233334726","name":"Kasvojen puhdistus","slug":"kosmetiikka-ja-hygienia/kasvojenhoito/kasvojen-puhdistus","__typename":"HierarchyPathItem"},{"id":"1591691233334725","name":"Kasvojenhoito","slug":"kosmetiikka-ja-hygienia/kasvojenhoito","__typename":"HierarchyPathItem"},{"id":"1591691233334707","name":"Kosmetiikka ja hygienia","slug":"kosmetiikka-ja-hygienia","__typename":"HierarchyPathItem"}],"isGlobalFallback":null,"countryName":{"fi":"Suomi","__typename":"CountryName"}},{"id":"6412600827682","ean":"6412600827682","name":"Lumene KLASSIKKO Hoitava lahjapakkaus","price":7.99,"storeId":725782447,"__typename":"Product","approxPrice":false,"basicQuantityUnit":"KPL","comparisonPrice":4,"comparisonUnit":"PCE","consumerPackageSize":null,"consumerPackageUnit":null,"priceUnit":"KPL","quantityMultiplier":1,"brandName":"Lumene","slug":"lumene-klassikko-hoitava-lahjapakkaus","isAgeLimitedByAlcohol":false,"frozen":false,"packagingLabels":[],"packagingLabelCodes":[],"hierarchyPath":[{"id":"1591691233832765","name":"Lahjapakkaukset","slug":"kosmetiikka-ja-hygienia/muut-kosmetiikka-ja-hygieniatuotteet/lahjapakkaukset","__typename":"HierarchyPathItem"},{"id":"1591691233832153","name":"Muut kosmetiikka ja hygieniatuotteet","slug":"kosmetiikka-ja-hygienia/muut-kosmetiikka-ja-hygieniatuotteet","__typename":"HierarchyPathItem"},{"id":"1591691233334707","name":"Kosmetiikka ja hygienia","slug":"kosmetiikka-ja-hygienia","__typename":"HierarchyPathItem"}],"isGlobalFallback":null,"countryName":{"fi":"Suomi","__typename":"CountryName"}},{"id":"6412600827699","ean":"6412600827699","name":"Lumene MEN RAIKAS Virkistävä lahjapakkaus","price":14.99,"storeId":725782447,"__typename":"Product","approxPrice":false,"basicQuantityUnit":"KPL","comparisonPrice":7.5,"comparisonUnit":"PCE","consumerPackageSize":null,"consumerPackageUnit":null,"priceUnit":"KPL","quantityMultiplier":1,"brandName":"Lumene","slug":"lumene-men-raikas-virkistava-lahjapakkaus","isAgeLimitedByAlcohol":false,"frozen":false,"packagingLabels":[],"packagingLabelCodes":[],"hierarchyPath":[{"id":"1591691233832765","name":"Lahjapakkaukset","slug":"kosmetiikka-ja-hygienia/muut-kosmetiikka-ja-hygieniatuotteet/lahjapakkaukset","__typename":"HierarchyPathItem"},{"id":"1591691233832153","name":"Muut kosmetiikka ja hygieniatuotteet","slug":"kosmetiikka-ja-hygienia/muut-kosmetiikka-ja-hygieniatuotteet","__typename":"HierarchyPathItem"},{"id":"1591691233334707","name":"Kosmetiikka ja hygienia","slug":"kosmetiikka-ja-hygienia","__typename":"HierarchyPathItem"}],"isGlobalFallback":null,"countryName":{"fi":"Suomi","__typename":"CountryName"}},{"id":"6412600865509","ean":"6412600865509","name":"Lumene KLASSIKKO Hajusteeton hoitava käsivoide 100 ml","price":3.95,"storeId":725782447,"__typename":"Product","approxPrice":false,"basicQuantityUnit":"KPL","comparisonPrice":39.5,"comparisonUnit":"LTR","consumerPackageSize":null,"consumerPackageUnit":null,"priceUnit":"KPL","quantityMultiplier":1,"brandName":"Lumene","slug":"lumene-klassikko-hajusteeton-hoitava-kasivoide-100-ml","isAgeLimitedByAlcohol":false,"frozen":false,"packagingLabels":[],"packagingLabelCodes":[],"hierarchyPath":[{"id":"1591691233375127","name":"Käsivoiteet","slug":"kosmetiikka-ja-hygienia/ihonhoito/kasivoiteet","__typename":"HierarchyPathItem"},{"id":"1591691233375123","name":"Ihonhoito","slug":"kosmetiikka-ja-hygienia/ihonhoito","__typename":"HierarchyPathItem"},{"id":"1591691233334707","name":"Kosmetiikka ja hygienia","slug":"kosmetiikka-ja-hygienia","__typename":"HierarchyPathItem"}],"isGlobalFallback":null,"countryName":{"fi":"Suomi","__typename":"CountryName"}},{"id":"6413200330404","ean":"6413200330404","name":"LOTUS Soft Embo wc-paperi 16 rll","price":10.49,"storeId":725782447,"__typename":"Product","approxPrice":false,"basicQuantityUnit":"KPL","comparisonPrice":0.66,"comparisonUnit":"PCE","consumerPackageSize":null,"consumerPackageUnit":null,"priceUnit":"KPL","quantityMultiplier":1,"brandName":"Lotus","slug":"lotus-soft-embo-wc-paperi-16-rll","isAgeLimitedByAlcohol":false,"frozen":false,"packagingLabels":["Avainlippu"," Pohjoismainen ympäristömerkki (Joutsen)"],"packagingLabelCodes":["MADE_IN_FINLAND_FLAG_WITH_KEY"," SVANEN"],"hierarchyPath":[{"id":"1591691234596263","name":"Wc-paperit","slug":"kodinhoito-ja-taloustarvikkeet/kodin-paperit/wc-paperit","__typename":"HierarchyPathItem"},{"id":"1591691234596259","name":"Kodin paperit","slug":"kodinhoito-ja-taloustarvikkeet/kodin-paperit","__typename":"HierarchyPathItem"},{"id":"1591691234596256","name":"Kodinhoito ja taloustarvikkeet","slug":"kodinhoito-ja-taloustarvikkeet","__typename":"HierarchyPathItem"}],"isGlobalFallback":null,"countryName":{"fi":"Suomi","__typename":"CountryName"}},{"id":"6413200340205","ean":"6413200340205","name":"Emilia talouspaperi valkoinen 4 rll säkki","price":4.2,"storeId":725782447,"__typename":"Product","approxPrice":false,"basicQuantityUnit":"KPL","comparisonPrice":1.05,"comparisonUnit":"PCE","consumerPackageSize":null,"consumerPackageUnit":null,"priceUnit":"KPL","quantityMultiplier":1,"brandName":"Lotus","slug":"emilia-talouspaperi-valkoinen-4-rll-sakki","isAgeLimitedByAlcohol":false,"frozen":false,"packagingLabels":["Avainlippu"," Pohjoismainen ympäristömerkki (Joutsen)"],"packagingLabelCodes":["MADE_IN_FINLAND_FLAG_WITH_KEY"," SVANEN"],"hierarchyPath":[{"id":"1591691234596264","name":"Talouspaperit","slug":"kodinhoito-ja-taloustarvikkeet/kodin-paperit/talouspaperit","__typename":"HierarchyPathItem"},{"id":"1591691234596259","name":"Kodin paperit","slug":"kodinhoito-ja-taloustarvikkeet/kodin-paperit","__typename":"HierarchyPathItem"},{"id":"1591691234596256","name":"Kodinhoito ja taloustarvikkeet","slug":"kodinhoito-ja-taloustarvikkeet","__typename":"HierarchyPathItem"}],"isGlobalFallback":null,"countryName":{"fi":"Suomi","__typename":"CountryName"}},{"id":"6413300000306","ean":"6413300000306","name":"Arla 200 g Kahvi jogurtti","price":0.52,"storeId":725782447,"__typename":"Product","approxPrice":false,"basicQuantityUnit":"KPL","comparisonPrice":2.6,"comparisonUnit":"KGM","consumerPackageSize":null,"consumerPackageUnit":null,"priceUnit":"KPL","quantityMultiplier":1,"brandName":"Arla","slug":"arla-200-g-kahvi-jogurtti","isAgeLimitedByAlcohol":false,"frozen":false,"packagingLabels":["Hyvää Suomesta (Sininen Joutsen)"],"packagingLabelCodes":["GOODS_FROM_FINLAND_BLUE_SWAN"],"hierarchyPath":[{"id":"1591691235643803","name":"Maustetut jogurtit","slug":"maito-munat-ja-rasvat-0/jogurtit/maustetut-jogurtit","__typename":"HierarchyPathItem"},{"id":"Herkku_00000118","name":"Jogurtit","slug":"maito-munat-ja-rasvat-0/jogurtit","__typename":"HierarchyPathItem"},{"id":"Herkku_00000006","name":"Maito, munat ja rasvat","slug":"maito-munat-ja-rasvat-0","__typename":"HierarchyPathItem"}],"isGlobalFallback":null,"countryName":{"fi":"Suomi","__typename":"CountryName"}},{"id":"6413300000320","ean":"6413300000320","name":"Arla 200 g Appelsiini jogurtti","price":0.52,"storeId":725782447,"__typename":"Product","approxPrice":false,"basicQuantityUnit":"KPL","comparisonPrice":2.6,"comparisonUnit":"KGM","consumerPackageSize":null,"consumerPackageUnit":null,"priceUnit":"KPL","quantityMultiplier":1,"brandName":"Arla","slug":"arla-200-g-appelsiini-jogurtti","isAgeLimitedByAlcohol":false,"frozen":false,"packagingLabels":["Hyvää Suomesta (Sininen Joutsen)"],"packagingLabelCodes":["GOODS_FROM_FINLAND_BLUE_SWAN"],"hierarchyPath":[{"id":"1591691235643803","name":"Maustetut jogurtit","slug":"maito-munat-ja-rasvat-0/jogurtit/maustetut-jogurtit","__typename":"HierarchyPathItem"},{"id":"Herkku_00000118","name":"Jogurtit","slug":"maito-munat-ja-rasvat-0/jogurtit","__typename":"HierarchyPathItem"},{"id":"Herkku_00000006","name":"Maito, munat ja rasvat","slug":"maito-munat-ja-rasvat-0","__typename":"HierarchyPathItem"}],"isGlobalFallback":null,"countryName":{"fi":"Suomi","__typename":"CountryName"}},{"id":"6413300000764","ean":"6413300000764","name":"Arla Kalinka Top 150 g vähälaktoosinen mansikka kerrosjogurtti.","price":0.69,"storeId":725782447,"__typename":"Product","approxPrice":false,"basicQuantityUnit":"KPL","comparisonPrice":4.6,"comparisonUnit":"KGM","consumerPackageSize":null,"consumerPackageUnit":null,"priceUnit":"KPL","quantityMultiplier":1,"brandName":"Arla","slug":"arla-kalinka-top-150-g-vahalaktoosinen-mansikka-kerrosjogurtti","isAgeLimitedByAlcohol":false,"frozen":false,"packagingLabels":[],"packagingLabelCodes":[],"hierarchyPath":[{"id":"1591691235643803","name":"Maustetut jogurtit","slug":"maito-munat-ja-rasvat-0/jogurtit/maustetut-jogurtit","__typename":"HierarchyPathItem"},{"id":"Herkku_00000118","name":"Jogurtit","slug":"maito-munat-ja-rasvat-0/jogurtit","__typename":"HierarchyPathItem"},{"id":"Herkku_00000006","name":"Maito, munat ja rasvat","slug":"maito-munat-ja-rasvat-0","__typename":"HierarchyPathItem"}],"isGlobalFallback":null,"countryName":{"fi":"Suomi","__typename":"CountryName"}},{"id":"6413300001518","ean":"6413300001518","name":"Arla 200 g Mustikka jogurtti","price":0.52,"storeId":725782447,"__typename":"Product","approxPrice":false,"basicQuantityUnit":"KPL","comparisonPrice":2.6,"comparisonUnit":"KGM","consumerPackageSize":null,"consumerPackageUnit":null,"priceUnit":"KPL","quantityMultiplier":1,"brandName":"Arla","slug":"arla-200-g-mustikka-jogurtti","isAgeLimitedByAlcohol":false,"frozen":false,"packagingLabels":["Hyvää Suomesta (Sininen Joutsen)"],"packagingLabelCodes":["GOODS_FROM_FINLAND_BLUE_SWAN"],"hierarchyPath":[{"id":"1591691235643803","name":"Maustetut jogurtit","slug":"maito-munat-ja-rasvat-0/jogurtit/maustetut-jogurtit","__typename":"HierarchyPathItem"},{"id":"Herkku_00000118","name":"Jogurtit","slug":"maito-munat-ja-rasvat-0/jogurtit","__typename":"HierarchyPathItem"},{"id":"Herkku_00000006","name":"Maito, munat ja rasvat","slug":"maito-munat-ja-rasvat-0","__typename":"HierarchyPathItem"}],"isGlobalFallback":null,"countryName":{"fi":"Suomi","__typename":"CountryName"}},{"id":"6413300006018","ean":"6413300006018","name":"Arla Kalinka 150 g  vähälaktoosinen vadelma-mustikka kerrosjogurtti.","price":0.69,"storeId":725782447,"__typename":"Product","approxPrice":false,"basicQuantityUnit":"KPL","comparisonPrice":4.6,"comparisonUnit":"KGM","consumerPackageSize":null,"consumerPackageUnit":null,"priceUnit":"KPL","quantityMultiplier":1,"brandName":"Kalinka","slug":"arla-kalinka-150-g-vahalaktoosinen-vadelma-mustikka-kerrosjogurtti","isAgeLimitedByAlcohol":false,"frozen":false,"packagingLabels":[],"packagingLabelCodes":[],"hierarchyPath":[{"id":"1591691235643803","name":"Maustetut jogurtit","slug":"maito-munat-ja-rasvat-0/jogurtit/maustetut-jogurtit","__typename":"HierarchyPathItem"},{"id":"Herkku_00000118","name":"Jogurtit","slug":"maito-munat-ja-rasvat-0/jogurtit","__typename":"HierarchyPathItem"},{"id":"Herkku_00000006","name":"Maito, munat ja rasvat","slug":"maito-munat-ja-rasvat-0","__typename":"HierarchyPathItem"}],"isGlobalFallback":null,"countryName":{"fi":"Suomi","__typename":"CountryName"}},{"id":"6413300010336","ean":"6413300010336","name":"Arla 5 dl Suomi kuohukerma","price":3.79,"storeId":725782447,"__typename":"Product","approxPrice":false,"basicQuantityUnit":"KPL","comparisonPrice":7.58,"comparisonUnit":"LTR","consumerPackageSize":null,"consumerPackageUnit":null,"priceUnit":"KPL","quantityMultiplier":1,"brandName":"Arla","slug":"arla-5-dl-suomi-kuohukerma","isAgeLimitedByAlcohol":false,"frozen":false,"packagingLabels":["Hyvää Suomesta (Sininen Joutsen)"],"packagingLabelCodes":["GOODS_FROM_FINLAND_BLUE_SWAN"],"hierarchyPath":[{"id":"1591691235643738","name":"Kuohukermat","slug":"maito-munat-ja-rasvat-0/kermat/kuohukermat","__typename":"HierarchyPathItem"},{"id":"1591691235643733","name":"Kermat","slug":"maito-munat-ja-rasvat-0/kermat","__typename":"HierarchyPathItem"},{"id":"Herkku_00000006","name":"Maito, munat ja rasvat","slug":"maito-munat-ja-rasvat-0","__typename":"HierarchyPathItem"}],"isGlobalFallback":null,"countryName":{"fi":"Suomi","__typename":"CountryName"}},{"id":"6413300010626","ean":"6413300010626","name":"Arla 1L 1%  Suomesta vähälaktoosinen piimä","price":1.89,"storeId":725782447,"__typename":"Product","approxPrice":false,"basicQuantityUnit":"KPL","comparisonPrice":1.89,"comparisonUnit":"LTR","consumerPackageSize":null,"consumerPackageUnit":null,"priceUnit":"KPL","quantityMultiplier":1,"brandName":"Arla","slug":"arla-1l-1-suomesta-vahalaktoosinen-piima","isAgeLimitedByAlcohol":false,"frozen":false,"packagingLabels":["Hyvää Suomesta (Sininen Joutsen)"],"packagingLabelCodes":["GOODS_FROM_FINLAND_BLUE_SWAN"],"hierarchyPath":[{"id":"Herkku_00000682","name":"Piimät","slug":"maito-munat-ja-rasvat-0/maidot-ja-piimat/piimat","__typename":"HierarchyPathItem"},{"id":"Herkku_00000122","name":"Maidot ja piimät","slug":"maito-munat-ja-rasvat-0/maidot-ja-piimat","__typename":"HierarchyPathItem"},{"id":"Herkku_00000006","name":"Maito, munat ja rasvat","slug":"maito-munat-ja-rasvat-0","__typename":"HierarchyPathItem"}],"isGlobalFallback":null,"countryName":{"fi":"Suomi","__typename":"CountryName"}},{"id":"6413300015225","ean":"6413300015225","name":"Arla Luomu 2 dl kuohukerma","price":1.59,"storeId":725782447,"__typename":"Product","approxPrice":false,"basicQuantityUnit":"KPL","comparisonPrice":7.95,"comparisonUnit":"LTR","consumerPackageSize":null,"consumerPackageUnit":null,"priceUnit":"KPL","quantityMultiplier":1,"brandName":"Arla","slug":"arla-luomu-2-dl-kuohukerma","isAgeLimitedByAlcohol":false,"frozen":false,"packagingLabels":["EU:n luomutunnus (lehti)"," Hyvää Suomesta (Sininen Joutsen)"," Luomumerkki (Aurinko)"],"packagingLabelCodes":["EU_ORGANIC_FARMING"," GOODS_FROM_FINLAND_BLUE_SWAN"," OFFICIAL_ECO_LABEL_SUN"],"hierarchyPath":[{"id":"1591691235643738","name":"Kuohukermat","slug":"maito-munat-ja-rasvat-0/kermat/kuohukermat","__typename":"HierarchyPathItem"},{"id":"1591691235643733","name":"Kermat","slug":"maito-munat-ja-rasvat-0/kermat","__typename":"HierarchyPathItem"},{"id":"Herkku_00000006","name":"Maito, munat ja rasvat","slug":"maito-munat-ja-rasvat-0","__typename":"HierarchyPathItem"}],"isGlobalFallback":null,"countryName":{"fi":"Suomi","__typename":"CountryName"}},{"id":"6413300015515","ean":"6413300015515","name":"Arla 1 L laktoositon Cafè UHT maito","price":2.39,"storeId":725782447,"__typename":"Product","approxPrice":false,"basicQuantityUnit":"KPL","comparisonPrice":2.39,"comparisonUnit":"LTR","consumerPackageSize":null,"consumerPackageUnit":null,"priceUnit":"KPL","quantityMultiplier":1,"brandName":"Arla","slug":"arla-1-l-laktoositon-cafe-uht-maito","isAgeLimitedByAlcohol":false,"frozen":false,"packagingLabels":["Hyvää Suomesta (Sininen Joutsen)"],"packagingLabelCodes":["GOODS_FROM_FINLAND_BLUE_SWAN"],"hierarchyPath":[{"id":"1591691235495235","name":"Maidot","slug":"maito-munat-ja-rasvat-0/maidot-ja-piimat/maidot","__typename":"HierarchyPathItem"},{"id":"Herkku_00000122","name":"Maidot ja piimät","slug":"maito-munat-ja-rasvat-0/maidot-ja-piimat","__typename":"HierarchyPathItem"},{"id":"Herkku_00000006","name":"Maito, munat ja rasvat","slug":"maito-munat-ja-rasvat-0","__typename":"HierarchyPathItem"}],"isGlobalFallback":null,"countryName":{"fi":"Suomi","__typename":"CountryName"}},{"id":"6413300017618","ean":"6413300017618","name":"Arla Protein 200 g mustikka rasvaton laktoositon proteiinirahka","price":1.18,"storeId":725782447,"__typename":"Product","approxPrice":false,"basicQuantityUnit":"KPL","comparisonPrice":5.9,"comparisonUnit":"KGM","consumerPackageSize":null,"consumerPackageUnit":null,"priceUnit":"KPL","quantityMultiplier":1,"brandName":"Arla Protein","slug":"arla-protein-200-g-mustikka-rasvaton-laktoositon-proteiinirahka","isAgeLimitedByAlcohol":false,"frozen":false,"packagingLabels":[],"packagingLabelCodes":[],"hierarchyPath":[{"id":"1591691235703027","name":"Maustetut rahkat","slug":"maito-munat-ja-rasvat-0/rahkat-vanukkaat-ja-jalkiruoka/maustetut-rahkat","__typename":"HierarchyPathItem"},{"id":"Herkku_00000115","name":"Rahkat, vanukkaat ja jälkiruoka","slug":"maito-munat-ja-rasvat-0/rahkat-vanukkaat-ja-jalkiruoka","__typename":"HierarchyPathItem"},{"id":"Herkku_00000006","name":"Maito, munat ja rasvat","slug":"maito-munat-ja-rasvat-0","__typename":"HierarchyPathItem"}],"isGlobalFallback":null,"countryName":{"fi":"Suomi","__typename":"CountryName"}},{"id":"6413300017854","ean":"6413300017854","name":"Arla Luonto+ 1 kg AB  mango laktoositon jogurtti","price":2.86,"storeId":725782447,"__typename":"Product","approxPrice":false,"basicQuantityUnit":"KPL","comparisonPrice":2.86,"comparisonUnit":"KGM","consumerPackageSize":null,"consumerPackageUnit":null,"priceUnit":"KPL","quantityMultiplier":1,"brandName":"Arla Luonto+","slug":"arla-luonto-1-kg-ab-mango-laktoositon-jogurtti","isAgeLimitedByAlcohol":false,"frozen":false,"packagingLabels":["Hyvää Suomesta (Sininen Joutsen)"],"packagingLabelCodes":["GOODS_FROM_FINLAND_BLUE_SWAN"],"hierarchyPath":[{"id":"1591691235643803","name":"Maustetut jogurtit","slug":"maito-munat-ja-rasvat-0/jogurtit/maustetut-jogurtit","__typename":"HierarchyPathItem"},{"id":"Herkku_00000118","name":"Jogurtit","slug":"maito-munat-ja-rasvat-0/jogurtit","__typename":"HierarchyPathItem"},{"id":"Herkku_00000006","name":"Maito, munat ja rasvat","slug":"maito-munat-ja-rasvat-0","__typename":"HierarchyPathItem"}],"isGlobalFallback":null,"countryName":{"fi":"Suomi","__typename":"CountryName"}},{"id":"6413300017861","ean":"6413300017861","name":"Arla Luonto+ AB 1 kg AB  vanilja laktoositon jogurtti","price":2.86,"storeId":725782447,"__typename":"Product","approxPrice":false,"basicQuantityUnit":"KPL","comparisonPrice":2.86,"comparisonUnit":"KGM","consumerPackageSize":null,"consumerPackageUnit":null,"priceUnit":"KPL","quantityMultiplier":1,"brandName":"Arla Luonto+","slug":"arla-luonto-ab-1-kg-ab-vanilja-laktoositon-jogurtti","isAgeLimitedByAlcohol":false,"frozen":false,"packagingLabels":["Hyvää Suomesta (Sininen Joutsen)"],"packagingLabelCodes":["GOODS_FROM_FINLAND_BLUE_SWAN"],"hierarchyPath":[{"id":"1591691235643803","name":"Maustetut jogurtit","slug":"maito-munat-ja-rasvat-0/jogurtit/maustetut-jogurtit","__typename":"HierarchyPathItem"},{"id":"Herkku_00000118","name":"Jogurtit","slug":"maito-munat-ja-rasvat-0/jogurtit","__typename":"HierarchyPathItem"},{"id":"Herkku_00000006","name":"Maito, munat ja rasvat","slug":"maito-munat-ja-rasvat-0","__typename":"HierarchyPathItem"}],"isGlobalFallback":null,"countryName":{"fi":"Suomi","__typename":"CountryName"}},{"id":"6413300019117","ean":"6413300019117","name":"Arla Lempi 300g 10% laktoositon turkkilainen jogurtti","price":1.69,"storeId":725782447,"__typename":"Product","approxPrice":false,"basicQuantityUnit":"KPL","comparisonPrice":5.63,"comparisonUnit":"KGM","consumerPackageSize":null,"consumerPackageUnit":null,"priceUnit":"KPL","quantityMultiplier":1,"brandName":"Arla Lempi","slug":"arla-lempi-300g-10-laktoositon-turkkilainen-jogurtti","isAgeLimitedByAlcohol":false,"frozen":false,"packagingLabels":["Hyvää Suomesta (Sininen Joutsen)"],"packagingLabelCodes":["GOODS_FROM_FINLAND_BLUE_SWAN"],"hierarchyPath":[{"id":"Herkku_00000711","name":"Ruoanvalmistusjogurtit","slug":"maito-munat-ja-rasvat-0/ruoanvalmistustuotteet/ruoanvalmistusjogurtit","__typename":"HierarchyPathItem"},{"id":"Herkku_00000124","name":"Ruoanvalmistustuotteet","slug":"maito-munat-ja-rasvat-0/ruoanvalmistustuotteet","__typename":"HierarchyPathItem"},{"id":"Herkku_00000006","name":"Maito, munat ja rasvat","slug":"maito-munat-ja-rasvat-0","__typename":"HierarchyPathItem"}],"isGlobalFallback":null,"countryName":{"fi":"Suomi","__typename":"CountryName"}},{"id":"6413300019667","ean":"6413300019667","name":"Arla Lempi 300 g Kreikkalainen 6% laktoositon jogurtti","price":1.69,"storeId":725782447,"__typename":"Product","approxPrice":false,"basicQuantityUnit":"KPL","comparisonPrice":5.63,"comparisonUnit":"KGM","consumerPackageSize":null,"consumerPackageUnit":null,"priceUnit":"KPL","quantityMultiplier":1,"brandName":"Arla Lempi","slug":"arla-lempi-300-g-kreikkalainen-6-laktoositon-jogurtti","isAgeLimitedByAlcohol":false,"frozen":false,"packagingLabels":["Hyvää Suomesta (Sininen Joutsen)"],"packagingLabelCodes":["GOODS_FROM_FINLAND_BLUE_SWAN"],"hierarchyPath":[{"id":"Herkku_00000711","name":"Ruoanvalmistusjogurtit","slug":"maito-munat-ja-rasvat-0/ruoanvalmistustuotteet/ruoanvalmistusjogurtit","__typename":"HierarchyPathItem"},{"id":"Herkku_00000124","name":"Ruoanvalmistustuotteet","slug":"maito-munat-ja-rasvat-0/ruoanvalmistustuotteet","__typename":"HierarchyPathItem"},{"id":"Herkku_00000006","name":"Maito, munat ja rasvat","slug":"maito-munat-ja-rasvat-0","__typename":"HierarchyPathItem"}],"isGlobalFallback":null,"countryName":{"fi":"Suomi","__typename":"CountryName"}},{"id":"6413300020410","ean":"6413300020410","name":"Arla Luonto+ AB 1kg laktoositon Päärynäjogurtti","price":2.86,"storeId":725782447,"__typename":"Product","approxPrice":false,"basicQuantityUnit":"KPL","comparisonPrice":2.86,"comparisonUnit":"KGM","consumerPackageSize":null,"consumerPackageUnit":null,"priceUnit":"KPL","quantityMultiplier":1,"brandName":"Arla Luonto+","slug":"arla-luonto-ab-1kg-laktoositon-paarynajogurtti","isAgeLimitedByAlcohol":false,"frozen":false,"packagingLabels":["Hyvää Suomesta (Sininen Joutsen)"],"packagingLabelCodes":["GOODS_FROM_FINLAND_BLUE_SWAN"],"hierarchyPath":[{"id":"1591691235643803","name":"Maustetut jogurtit","slug":"maito-munat-ja-rasvat-0/jogurtit/maustetut-jogurtit","__typename":"HierarchyPathItem"},{"id":"Herkku_00000118","name":"Jogurtit","slug":"maito-munat-ja-rasvat-0/jogurtit","__typename":"HierarchyPathItem"},{"id":"Herkku_00000006","name":"Maito, munat ja rasvat","slug":"maito-munat-ja-rasvat-0","__typename":"HierarchyPathItem"}],"isGlobalFallback":null,"countryName":{"fi":"Suomi","__typename":"CountryName"}},{"id":"6413300020519","ean":"6413300020519","name":"Arla 200g 1% Suomesta vähälaktoosinen viili","price":0.62,"storeId":725782447,"__typename":"Product","approxPrice":false,"basicQuantityUnit":"KPL","comparisonPrice":3.1,"comparisonUnit":"KGM","consumerPackageSize":null,"consumerPackageUnit":null,"priceUnit":"KPL","quantityMultiplier":1,"brandName":"Arla","slug":"arla-200g-1-suomesta-vahalaktoosinen-viili","isAgeLimitedByAlcohol":false,"frozen":false,"packagingLabels":["Hyvää Suomesta (Sininen Joutsen)"," Sydänmerkki"],"packagingLabelCodes":["FINNISH_HEART_SYMBOL"," GOODS_FROM_FINLAND_BLUE_SWAN"],"hierarchyPath":[{"id":"Herkku_00000631","name":"Maustamattomat viilit","slug":"maito-munat-ja-rasvat-0/viilit/maustamattomat-viilit","__typename":"HierarchyPathItem"},{"id":"Herkku_00000117","name":"Viilit","slug":"maito-munat-ja-rasvat-0/viilit","__typename":"HierarchyPathItem"},{"id":"Herkku_00000006","name":"Maito, munat ja rasvat","slug":"maito-munat-ja-rasvat-0","__typename":"HierarchyPathItem"}],"isGlobalFallback":null,"countryName":{"fi":"Suomi","__typename":"CountryName"}},{"id":"6413300024067","ean":"6413300024067","name":"Arla Luonto+ AB laktoositon 175 g päärynäjogurtti","price":0.88,"storeId":725782447,"__typename":"Product","approxPrice":false,"basicQuantityUnit":"KPL","comparisonPrice":5.03,"comparisonUnit":"KGM","consumerPackageSize":null,"consumerPackageUnit":null,"priceUnit":"KPL","quantityMultiplier":1,"brandName":"Arla Luonto+","slug":"arla-luonto-ab-laktoositon-175-g-paarynajogurtti","isAgeLimitedByAlcohol":false,"frozen":false,"packagingLabels":["FSC-sertifikaatti (Forest Stewardship Council)"," Hyvää Suomesta (Sininen Joutsen)"],"packagingLabelCodes":["FOREST_STEWARDSHIP_COUNCIL_LABEL"," GOODS_FROM_FINLAND_BLUE_SWAN"],"hierarchyPath":[{"id":"1591691235643803","name":"Maustetut jogurtit","slug":"maito-munat-ja-rasvat-0/jogurtit/maustetut-jogurtit","__typename":"HierarchyPathItem"},{"id":"Herkku_00000118","name":"Jogurtit","slug":"maito-munat-ja-rasvat-0/jogurtit","__typename":"HierarchyPathItem"},{"id":"Herkku_00000006","name":"Maito, munat ja rasvat","slug":"maito-munat-ja-rasvat-0","__typename":"HierarchyPathItem"}],"isGlobalFallback":null,"countryName":{"fi":"Suomi","__typename":"CountryName"}},{"id":"6413300024418","ean":"6413300024418","name":"Arla laktoositon vispikerma 2 dl Uht Suomi","price":1.49,"storeId":725782447,"__typename":"Product","approxPrice":false,"basicQuantityUnit":"KPL","comparisonPrice":7.45,"comparisonUnit":"LTR","consumerPackageSize":null,"consumerPackageUnit":null,"priceUnit":"KPL","quantityMultiplier":1,"brandName":"Arla","slug":"arla-laktoositon-vispikerma-2-dl-uht-suomi","isAgeLimitedByAlcohol":false,"frozen":false,"packagingLabels":["Hyvää Suomesta (Sininen Joutsen)"],"packagingLabelCodes":["GOODS_FROM_FINLAND_BLUE_SWAN"],"hierarchyPath":[{"id":"1591691235643740","name":"Vispikermat","slug":"maito-munat-ja-rasvat-0/kermat/vispikermat","__typename":"HierarchyPathItem"},{"id":"1591691235643733","name":"Kermat","slug":"maito-munat-ja-rasvat-0/kermat","__typename":"HierarchyPathItem"},{"id":"Herkku_00000006","name":"Maito, munat ja rasvat","slug":"maito-munat-ja-rasvat-0","__typename":"HierarchyPathItem"}],"isGlobalFallback":null,"countryName":{"fi":"Suomi","__typename":"CountryName"}},{"id":"6413300025217","ean":"6413300025217","name":"Arla Protein mango rahka laktoositon 200 g","price":1.23,"storeId":725782447,"__typename":"Product","approxPrice":false,"basicQuantityUnit":"KPL","comparisonPrice":6.15,"comparisonUnit":"KGM","consumerPackageSize":null,"consumerPackageUnit":null,"priceUnit":"KPL","quantityMultiplier":1,"brandName":"Arla Protein","slug":"arla-protein-mango-rahka-laktoositon-200-g","isAgeLimitedByAlcohol":false,"frozen":false,"packagingLabels":[],"packagingLabelCodes":[],"hierarchyPath":[{"id":"1591691235703027","name":"Maustetut rahkat","slug":"maito-munat-ja-rasvat-0/rahkat-vanukkaat-ja-jalkiruoka/maustetut-rahkat","__typename":"HierarchyPathItem"},{"id":"Herkku_00000115","name":"Rahkat, vanukkaat ja jälkiruoka","slug":"maito-munat-ja-rasvat-0/rahkat-vanukkaat-ja-jalkiruoka","__typename":"HierarchyPathItem"},{"id":"Herkku_00000006","name":"Maito, munat ja rasvat","slug":"maito-munat-ja-rasvat-0","__typename":"HierarchyPathItem"}],"isGlobalFallback":null,"countryName":{"fi":"Suomi","__typename":"CountryName"}},{"id":"6413300025316","ean":"6413300025316","name":"Arla Lempi 200 g laktoositon crème fraiche valkosipuli-yrtit","price":1.79,"storeId":725782447,"__typename":"Product","approxPrice":false,"basicQuantityUnit":"KPL","comparisonPrice":8.95,"comparisonUnit":"KGM","consumerPackageSize":null,"consumerPackageUnit":null,"priceUnit":"KPL","quantityMultiplier":1,"brandName":"Arla Lempi","slug":"arla-lempi-200-g-laktoositon-creme-fraiche-valkosipuli-yrtit","isAgeLimitedByAlcohol":false,"frozen":false,"packagingLabels":["Hyvää Suomesta (Sininen Joutsen)"],"packagingLabelCodes":["GOODS_FROM_FINLAND_BLUE_SWAN"],"hierarchyPath":[{"id":"1591691235643741","name":"Ranskankermat","slug":"maito-munat-ja-rasvat-0/kermat/ranskankermat","__typename":"HierarchyPathItem"},{"id":"1591691235643733","name":"Kermat","slug":"maito-munat-ja-rasvat-0/kermat","__typename":"HierarchyPathItem"},{"id":"Herkku_00000006","name":"Maito, munat ja rasvat","slug":"maito-munat-ja-rasvat-0","__typename":"HierarchyPathItem"}],"isGlobalFallback":null,"countryName":{"fi":"Suomi","__typename":"CountryName"}},{"id":"6413300025538","ean":"6413300025538","name":"Arla Lempi Tsatsiki laktoositon jogurttikastike 180g","price":1.85,"storeId":725782447,"__typename":"Product","approxPrice":false,"basicQuantityUnit":"KPL","comparisonPrice":10.28,"comparisonUnit":"KGM","consumerPackageSize":null,"consumerPackageUnit":null,"priceUnit":"KPL","quantityMultiplier":1,"brandName":"Arla Lempi","slug":"arla-lempi-tsatsiki-laktoositon-jogurttikastike-180g","isAgeLimitedByAlcohol":false,"frozen":false,"packagingLabels":["Hyvää Suomesta (Sininen Joutsen)"],"packagingLabelCodes":["GOODS_FROM_FINLAND_BLUE_SWAN"],"hierarchyPath":[{"id":"Herkku_00000711","name":"Ruoanvalmistusjogurtit","slug":"maito-munat-ja-rasvat-0/ruoanvalmistustuotteet/ruoanvalmistusjogurtit","__typename":"HierarchyPathItem"},{"id":"Herkku_00000124","name":"Ruoanvalmistustuotteet","slug":"maito-munat-ja-rasvat-0/ruoanvalmistustuotteet","__typename":"HierarchyPathItem"},{"id":"Herkku_00000006","name":"Maito, munat ja rasvat","slug":"maito-munat-ja-rasvat-0","__typename":"HierarchyPathItem"}],"isGlobalFallback":null,"countryName":{"fi":"Suomi","__typename":"CountryName"}},{"id":"6413300100112","ean":"6413300100112","name":"Arla 1 L Suomesta kevytmaito","price":1.39,"storeId":725782447,"__typename":"Product","approxPrice":false,"basicQuantityUnit":"KPL","comparisonPrice":1.39,"comparisonUnit":"LTR","consumerPackageSize":null,"consumerPackageUnit":null,"priceUnit":"KPL","quantityMultiplier":1,"brandName":"Arla","slug":"arla-1-l-suomesta-kevytmaito","isAgeLimitedByAlcohol":false,"frozen":false,"packagingLabels":["Hyvää Suomesta (Sininen Joutsen)"],"packagingLabelCodes":["GOODS_FROM_FINLAND_BLUE_SWAN"],"hierarchyPath":[{"id":"1591691235495235","name":"Maidot","slug":"maito-munat-ja-rasvat-0/maidot-ja-piimat/maidot","__typename":"HierarchyPathItem"},{"id":"Herkku_00000122","name":"Maidot ja piimät","slug":"maito-munat-ja-rasvat-0/maidot-ja-piimat","__typename":"HierarchyPathItem"},{"id":"Herkku_00000006","name":"Maito, munat ja rasvat","slug":"maito-munat-ja-rasvat-0","__typename":"HierarchyPathItem"}],"isGlobalFallback":null,"countryName":{"fi":"Suomi","__typename":"CountryName"}},{"id":"6413300101515","ean":"6413300101515","name":"Arla 1 L Suomesta rasvaton maito","price":1.25,"storeId":725782447,"__typename":"Product","approxPrice":false,"basicQuantityUnit":"KPL","comparisonPrice":1.25,"comparisonUnit":"LTR","consumerPackageSize":null,"consumerPackageUnit":null,"priceUnit":"KPL","quantityMultiplier":1,"brandName":"Arla","slug":"arla-1-l-suomesta-rasvaton-maito","isAgeLimitedByAlcohol":false,"frozen":false,"packagingLabels":["Hyvää Suomesta (Sininen Joutsen)"],"packagingLabelCodes":["GOODS_FROM_FINLAND_BLUE_SWAN"],"hierarchyPath":[{"id":"1591691235495235","name":"Maidot","slug":"maito-munat-ja-rasvat-0/maidot-ja-piimat/maidot","__typename":"HierarchyPathItem"},{"id":"Herkku_00000122","name":"Maidot ja piimät","slug":"maito-munat-ja-rasvat-0/maidot-ja-piimat","__typename":"HierarchyPathItem"},{"id":"Herkku_00000006","name":"Maito, munat ja rasvat","slug":"maito-munat-ja-rasvat-0","__typename":"HierarchyPathItem"}],"isGlobalFallback":null,"countryName":{"fi":"Suomi","__typename":"CountryName"}},{"id":"6413300102017","ean":"6413300102017","name":"Arla 1 L Suomesta 1% maito","price":1.39,"storeId":725782447,"__typename":"Product","approxPrice":false,"basicQuantityUnit":"KPL","comparisonPrice":1.39,"comparisonUnit":"LTR","consumerPackageSize":null,"consumerPackageUnit":null,"priceUnit":"KPL","quantityMultiplier":1,"brandName":"Arla","slug":"arla-1-l-suomesta-1-maito","isAgeLimitedByAlcohol":false,"frozen":false,"packagingLabels":["Hyvää Suomesta (Sininen Joutsen)"],"packagingLabelCodes":["GOODS_FROM_FINLAND_BLUE_SWAN"],"hierarchyPath":[{"id":"1591691235495235","name":"Maidot","slug":"maito-munat-ja-rasvat-0/maidot-ja-piimat/maidot","__typename":"HierarchyPathItem"},{"id":"Herkku_00000122","name":"Maidot ja piimät","slug":"maito-munat-ja-rasvat-0/maidot-ja-piimat","__typename":"HierarchyPathItem"},{"id":"Herkku_00000006","name":"Maito, munat ja rasvat","slug":"maito-munat-ja-rasvat-0","__typename":"HierarchyPathItem"}],"isGlobalFallback":null,"countryName":{"fi":"Suomi","__typename":"CountryName"}},{"id":"6413446001007","ean":"6413446001007","name":"Nordqvist Afrikka rooibos 20 x 1,75 g","price":3.6,"storeId":725782447,"__typename":"Product","approxPrice":false,"basicQuantityUnit":"KPL","comparisonPrice":102.86,"comparisonUnit":"KGM","consumerPackageSize":null,"consumerPackageUnit":null,"priceUnit":"KPL","quantityMultiplier":1,"brandName":"Nordqvist","slug":"nordqvist-afrikka-rooibos-20-x-1-75-g","isAgeLimitedByAlcohol":false,"frozen":false,"packagingLabels":["Rainforest alliance certified (Sammakko-merkki)"],"packagingLabelCodes":["RAINFOREST_ALLIANCE"],"hierarchyPath":[{"id":"Herkku_00000514","name":"Pussitee","slug":"juomat-1/teet/pussitee","__typename":"HierarchyPathItem"},{"id":"Herkku_00000091","name":"Teet","slug":"juomat-1/teet","__typename":"HierarchyPathItem"},{"id":"Herkku_00000005","name":"Juomat","slug":"juomat-1","__typename":"HierarchyPathItem"}],"isGlobalFallback":null,"countryName":{"fi":"Etelä-Afrikka","__typename":"CountryName"}},{"id":"6413446001205","ean":"6413446001205","name":"Nordqvist Teetaivas 20 x 1,75 g","price":2.99,"storeId":725782447,"__typename":"Product","approxPrice":false,"basicQuantityUnit":"KPL","comparisonPrice":85.43,"comparisonUnit":"KGM","consumerPackageSize":null,"consumerPackageUnit":null,"priceUnit":"KPL","quantityMultiplier":1,"brandName":"Nordqvist","slug":"nordqvist-teetaivas-20-x-1-75-g","isAgeLimitedByAlcohol":false,"frozen":false,"packagingLabels":["Rainforest alliance certified (Sammakko-merkki)"],"packagingLabelCodes":["RAINFOREST_ALLIANCE"],"hierarchyPath":[{"id":"Herkku_00000514","name":"Pussitee","slug":"juomat-1/teet/pussitee","__typename":"HierarchyPathItem"},{"id":"Herkku_00000091","name":"Teet","slug":"juomat-1/teet","__typename":"HierarchyPathItem"},{"id":"Herkku_00000005","name":"Juomat","slug":"juomat-1","__typename":"HierarchyPathItem"}],"isGlobalFallback":null,"countryName":{"fi":"Intia","__typename":"CountryName"}},{"id":"6413446004091","ean":"6413446004091","name":"Nordqvist Keisarin Morsian 150g musta maustettu irtotee","price":4.59,"storeId":725782447,"__typename":"Product","approxPrice":false,"basicQuantityUnit":"KPL","comparisonPrice":30.6,"comparisonUnit":"KGM","consumerPackageSize":null,"consumerPackageUnit":null,"priceUnit":"KPL","quantityMultiplier":1,"brandName":"Nordqvist","slug":"nordqvist-keisarin-morsian-150g-musta-maustettu-irtotee","isAgeLimitedByAlcohol":false,"frozen":false,"packagingLabels":["Rainforest alliance certified (Sammakko-merkki)"],"packagingLabelCodes":["RAINFOREST_ALLIANCE"],"hierarchyPath":[{"id":"Herkku_00000515","name":"Irtotee","slug":"juomat-1/teet/irtotee","__typename":"HierarchyPathItem"},{"id":"Herkku_00000091","name":"Teet","slug":"juomat-1/teet","__typename":"HierarchyPathItem"},{"id":"Herkku_00000005","name":"Juomat","slug":"juomat-1","__typename":"HierarchyPathItem"}],"isGlobalFallback":null,"countryName":{"fi":"Intia","__typename":"CountryName"}},{"id":"6413446010108","ean":"6413446010108","name":"Nordqvist Perinteinen Joulutee 20 x 1,75 g","price":3.25,"storeId":725782447,"__typename":"Product","approxPrice":false,"basicQuantityUnit":"KPL","comparisonPrice":92.86,"comparisonUnit":"KGM","consumerPackageSize":null,"consumerPackageUnit":null,"priceUnit":"KPL","quantityMultiplier":1,"brandName":"Nordqvist","slug":"nordqvist-perinteinen-joulutee-20-x-1-75-g","isAgeLimitedByAlcohol":false,"frozen":false,"packagingLabels":["Rainforest alliance certified (Sammakko-merkki)"],"packagingLabelCodes":["RAINFOREST_ALLIANCE"],"hierarchyPath":[{"id":"Herkku_00000514","name":"Pussitee","slug":"juomat-1/teet/pussitee","__typename":"HierarchyPathItem"},{"id":"Herkku_00000091","name":"Teet","slug":"juomat-1/teet","__typename":"HierarchyPathItem"},{"id":"Herkku_00000005","name":"Juomat","slug":"juomat-1","__typename":"HierarchyPathItem"}],"isGlobalFallback":null,"countryName":{"fi":"Intia","__typename":"CountryName"}},{"id":"6413446012126","ean":"6413446012126","name":"Nordqvist Vihreä Aarre 30g vihreä pussitee monipakkaus","price":3.55,"storeId":725782447,"__typename":"Product","approxPrice":false,"basicQuantityUnit":"KPL","comparisonPrice":118.33,"comparisonUnit":"KGM","consumerPackageSize":null,"consumerPackageUnit":null,"priceUnit":"KPL","quantityMultiplier":1,"brandName":"Nordqvist","slug":"nordqvist-vihrea-aarre-30g-vihrea-pussitee-monipakkaus","isAgeLimitedByAlcohol":false,"frozen":false,"packagingLabels":[],"packagingLabelCodes":[],"hierarchyPath":[{"id":"Herkku_00000514","name":"Pussitee","slug":"juomat-1/teet/pussitee","__typename":"HierarchyPathItem"},{"id":"Herkku_00000091","name":"Teet","slug":"juomat-1/teet","__typename":"HierarchyPathItem"},{"id":"Herkku_00000005","name":"Juomat","slug":"juomat-1","__typename":"HierarchyPathItem"}],"isGlobalFallback":null,"countryName":{"fi":"Intia","__typename":"CountryName"}},{"id":"6413446013857","ean":"6413446013857","name":"Nordqvist Grönt Julte 20 pss","price":3.19,"storeId":725782447,"__typename":"Product","approxPrice":false,"basicQuantityUnit":"KPL","comparisonPrice":106.33,"comparisonUnit":"KGM","consumerPackageSize":null,"consumerPackageUnit":null,"priceUnit":"KPL","quantityMultiplier":1,"brandName":"Nordqvist","slug":"nordqvist-gront-julte-20-pss","isAgeLimitedByAlcohol":false,"frozen":false,"packagingLabels":["Rainforest alliance certified (Sammakko-merkki)"],"packagingLabelCodes":["RAINFOREST_ALLIANCE"],"hierarchyPath":[{"id":"Herkku_00000514","name":"Pussitee","slug":"juomat-1/teet/pussitee","__typename":"HierarchyPathItem"},{"id":"Herkku_00000091","name":"Teet","slug":"juomat-1/teet","__typename":"HierarchyPathItem"},{"id":"Herkku_00000005","name":"Juomat","slug":"juomat-1","__typename":"HierarchyPathItem"}],"isGlobalFallback":null,"countryName":{"fi":"Intia","__typename":"CountryName"}},{"id":"6413466015305","ean":"6413466015305","name":"Fazer Rukiinen Riisipiirakka 6kpl 420g","price":2.59,"storeId":725782447,"__typename":"Product","approxPrice":false,"basicQuantityUnit":"KPL","comparisonPrice":6.17,"comparisonUnit":"KGM","consumerPackageSize":null,"consumerPackageUnit":null,"priceUnit":"KPL","quantityMultiplier":1,"brandName":"Fazer","slug":"fazer-rukiinen-riisipiirakka-6kpl-420g","isAgeLimitedByAlcohol":false,"frozen":false,"packagingLabels":["Avainlippu"],"packagingLabelCodes":["MADE_IN_FINLAND_FLAG_WITH_KEY"],"hierarchyPath":[{"id":"1591691237074427","name":"Piirakat ja pasteijat","slug":"valmisruoka-1/valmisateriat-ja-keitot/piirakat-ja-pasteijat","__typename":"HierarchyPathItem"},{"id":"1591691237074396","name":"Valmisateriat ja -keitot","slug":"valmisruoka-1/valmisateriat-ja-keitot","__typename":"HierarchyPathItem"},{"id":"StructureGroup_1356670909914497","name":"Valmisruoka","slug":"valmisruoka-1","__typename":"HierarchyPathItem"}],"isGlobalFallback":null,"countryName":{"fi":"Suomi","__typename":"CountryName"}},{"id":"6413466035105","ean":"6413466035105","name":"Oululainen Reissumies Eväsleipä Klassikko 160g kinkku-juusto-muna, täytetty täysjyväruisleipä","price":3.69,"storeId":725782447,"__typename":"Product","approxPrice":false,"basicQuantityUnit":"KPL","comparisonPrice":23.06,"comparisonUnit":"KGM","consumerPackageSize":null,"consumerPackageUnit":null,"priceUnit":"KPL","quantityMultiplier":1,"brandName":"Oululainen Reissumies","slug":"oululainen-reissumies-evasleipa-klassikko-160g-kinkku-juusto-muna-taytetty-taysjyvaruisleipa","isAgeLimitedByAlcohol":false,"frozen":false,"packagingLabels":["Avainlippu"],"packagingLabelCodes":["MADE_IN_FINLAND_FLAG_WITH_KEY"],"hierarchyPath":[{"id":"1591691237218566","name":"Leivät, paninit ja wrapit","slug":"valmisruoka-1/valmisateriat-ja-keitot/leivat-paninit-ja-wrapit","__typename":"HierarchyPathItem"},{"id":"1591691237074396","name":"Valmisateriat ja -keitot","slug":"valmisruoka-1/valmisateriat-ja-keitot","__typename":"HierarchyPathItem"},{"id":"StructureGroup_1356670909914497","name":"Valmisruoka","slug":"valmisruoka-1","__typename":"HierarchyPathItem"}],"isGlobalFallback":null,"countryName":{"fi":"Suomi","__typename":"CountryName"}},{"id":"6413466035402","ean":"6413466035402","name":"Oululainen Reissumies Eväsleipä Chilikana kana-pekoni-chili 135g, täytetty täysjyväruisleipä","price":3.69,"storeId":725782447,"__typename":"Product","approxPrice":false,"basicQuantityUnit":"KPL","comparisonPrice":27.33,"comparisonUnit":"KGM","consumerPackageSize":null,"consumerPackageUnit":null,"priceUnit":"KPL","quantityMultiplier":1,"brandName":"Oululainen Reissumies","slug":"oululainen-reissumies-evasleipa-chilikana-kana-pekoni-chili-135g-taytetty-taysjyvaruisleipa","isAgeLimitedByAlcohol":false,"frozen":false,"packagingLabels":["Avainlippu"],"packagingLabelCodes":["MADE_IN_FINLAND_FLAG_WITH_KEY"],"hierarchyPath":[{"id":"1591691237218566","name":"Leivät, paninit ja wrapit","slug":"valmisruoka-1/valmisateriat-ja-keitot/leivat-paninit-ja-wrapit","__typename":"HierarchyPathItem"},{"id":"1591691237074396","name":"Valmisateriat ja -keitot","slug":"valmisruoka-1/valmisateriat-ja-keitot","__typename":"HierarchyPathItem"},{"id":"StructureGroup_1356670909914497","name":"Valmisruoka","slug":"valmisruoka-1","__typename":"HierarchyPathItem"}],"isGlobalFallback":null,"countryName":{"fi":"Suomi","__typename":"CountryName"}},{"id":"6413466041205","ean":"6413466041205","name":"Oululainen Hapankorppu 370g","price":2.49,"storeId":725782447,"__typename":"Product","approxPrice":false,"basicQuantityUnit":"KPL","comparisonPrice":6.73,"comparisonUnit":"KGM","consumerPackageSize":null,"consumerPackageUnit":null,"priceUnit":"KPL","quantityMultiplier":1,"brandName":"Oululainen","slug":"oululainen-hapankorppu-370g","isAgeLimitedByAlcohol":false,"frozen":false,"packagingLabels":["Hyvää Suomesta (Sininen Joutsen)"],"packagingLabelCodes":["GOODS_FROM_FINLAND_BLUE_SWAN"],"hierarchyPath":[{"id":"Herkku_00000314","name":"Hapankorput","slug":"leivat-keksit-ja-leivonnaiset-1/nakkileivat-ja-hapankorput/hapankorput","__typename":"HierarchyPathItem"},{"id":"Herkku_00000052","name":"Näkkileivät ja hapankorput","slug":"leivat-keksit-ja-leivonnaiset-1/nakkileivat-ja-hapankorput","__typename":"HierarchyPathItem"},{"id":"Herkku_00000008","name":"Leivät, keksit ja leivonnaiset","slug":"leivat-keksit-ja-leivonnaiset-1","__typename":"HierarchyPathItem"}],"isGlobalFallback":null,"countryName":{"fi":"Suomi","__typename":"CountryName"}},{"id":"6413466062309","ean":"6413466062309","name":"Oululainen Pullava Voisilmäpitko 400g, täytepitko","price":3.95,"storeId":725782447,"__typename":"Product","approxPrice":false,"basicQuantityUnit":"KPL","comparisonPrice":9.88,"comparisonUnit":"KGM","consumerPackageSize":null,"consumerPackageUnit":null,"priceUnit":"KPL","quantityMultiplier":1,"brandName":"Oululainen Pullava","slug":"oululainen-pullava-voisilmapitko-400g-taytepitko","isAgeLimitedByAlcohol":false,"frozen":false,"packagingLabels":["Avainlippu"],"packagingLabelCodes":["MADE_IN_FINLAND_FLAG_WITH_KEY"],"hierarchyPath":[{"id":"Herkku_00000938","name":"Pitkot ja täytepitkot","slug":"leivat-keksit-ja-leivonnaiset-1/leivonnaiset/pitkot-ja-taytepitkot","__typename":"HierarchyPathItem"},{"id":"Herkku_00000152","name":"Leivonnaiset","slug":"leivat-keksit-ja-leivonnaiset-1/leivonnaiset","__typename":"HierarchyPathItem"},{"id":"Herkku_00000008","name":"Leivät, keksit ja leivonnaiset","slug":"leivat-keksit-ja-leivonnaiset-1","__typename":"HierarchyPathItem"}],"isGlobalFallback":null,"countryName":{"fi":"Suomi","__typename":"CountryName"}},{"id":"6413466080204","ean":"6413466080204","name":"Oululainen Reissumies Tosi Tumma 4kpl 280g, täysjyväruisleipä","price":1.59,"storeId":725782447,"__typename":"Product","approxPrice":false,"basicQuantityUnit":"KPL","comparisonPrice":5.68,"comparisonUnit":"KGM","consumerPackageSize":null,"consumerPackageUnit":null,"priceUnit":"KPL","quantityMultiplier":1,"brandName":"Oululainen Reissumies","slug":"oululainen-reissumies-tosi-tumma-4kpl-280g-taysjyvaruisleipa","isAgeLimitedByAlcohol":false,"frozen":false,"packagingLabels":["Hyvää Suomesta (Sininen Joutsen)"],"packagingLabelCodes":["GOODS_FROM_FINLAND_BLUE_SWAN"],"hierarchyPath":[{"id":"StructureGroup_507756644163854","name":"Tummat leivät","slug":"leivat-keksit-ja-leivonnaiset-1/leivat/tummat-leivat","__typename":"HierarchyPathItem"},{"id":"StructureGroup_1796559627347513","name":"Leivät","slug":"leivat-keksit-ja-leivonnaiset-1/leivat","__typename":"HierarchyPathItem"},{"id":"Herkku_00000008","name":"Leivät, keksit ja leivonnaiset","slug":"leivat-keksit-ja-leivonnaiset-1","__typename":"HierarchyPathItem"}],"isGlobalFallback":null,"countryName":{"fi":"Suomi","__typename":"CountryName"}},{"id":"6413466094201","ean":"6413466094201","name":"Fazer Laskiaispulla mantelilla ja aidolla kermalla 2kpl 214g, täytepulla","price":3.89,"storeId":725782447,"__typename":"Product","approxPrice":false,"basicQuantityUnit":"KPL","comparisonPrice":18.18,"comparisonUnit":"KGM","consumerPackageSize":null,"consumerPackageUnit":null,"priceUnit":"KPL","quantityMultiplier":1,"brandName":"Fazer","slug":"fazer-laskiaispulla-mantelilla-ja-aidolla-kermalla-2kpl-214g-taytepulla","isAgeLimitedByAlcohol":false,"frozen":false,"packagingLabels":["Avainlippu"],"packagingLabelCodes":["MADE_IN_FINLAND_FLAG_WITH_KEY"],"hierarchyPath":[{"id":"Herkku_00000940","name":"Sesonkituotteet","slug":"leivat-keksit-ja-leivonnaiset-1/leivonnaiset/sesonkituotteet","__typename":"HierarchyPathItem"},{"id":"Herkku_00000152","name":"Leivonnaiset","slug":"leivat-keksit-ja-leivonnaiset-1/leivonnaiset","__typename":"HierarchyPathItem"},{"id":"Herkku_00000008","name":"Leivät, keksit ja leivonnaiset","slug":"leivat-keksit-ja-leivonnaiset-1","__typename":"HierarchyPathItem"}],"isGlobalFallback":null,"countryName":{"fi":"Suomi","__typename":"CountryName"}},{"id":"6413466101602","ean":"6413466101602","name":"Oululainen Reissumies Kaura 4kpl 275g, kauraleipä","price":1.75,"storeId":725782447,"__typename":"Product","approxPrice":false,"basicQuantityUnit":"KPL","comparisonPrice":6.36,"comparisonUnit":"KGM","consumerPackageSize":null,"consumerPackageUnit":null,"priceUnit":"KPL","quantityMultiplier":1,"brandName":"Oululainen Reissumies","slug":"oululainen-reissumies-kaura-4kpl-275g-kauraleipa","isAgeLimitedByAlcohol":false,"frozen":false,"packagingLabels":["Hyvää Suomesta (Sininen Joutsen)"],"packagingLabelCodes":["GOODS_FROM_FINLAND_BLUE_SWAN"],"hierarchyPath":[{"id":"1591691250986235","name":"Muut vaaleat leivät","slug":"leivat-keksit-ja-leivonnaiset-1/leivat/muut-vaaleat-leivat","__typename":"HierarchyPathItem"},{"id":"StructureGroup_1796559627347513","name":"Leivät","slug":"leivat-keksit-ja-leivonnaiset-1/leivat","__typename":"HierarchyPathItem"},{"id":"Herkku_00000008","name":"Leivät, keksit ja leivonnaiset","slug":"leivat-keksit-ja-leivonnaiset-1","__typename":"HierarchyPathItem"}],"isGlobalFallback":null,"countryName":{"fi":"Suomi","__typename":"CountryName"}},{"id":"6413466121907","ean":"6413466121907","name":"Fazer Alku Sadonkorjuupuuro 500 g","price":2.79,"storeId":725782447,"__typename":"Product","approxPrice":false,"basicQuantityUnit":"KPL","comparisonPrice":5.58,"comparisonUnit":"KGM","consumerPackageSize":null,"consumerPackageUnit":null,"priceUnit":"KPL","quantityMultiplier":1,"brandName":"Fazer","slug":"fazer-alku-sadonkorjuupuuro-500-g","isAgeLimitedByAlcohol":false,"frozen":false,"packagingLabels":["Hyvää Suomesta (Sininen Joutsen)"," Sydänmerkki"],"packagingLabelCodes":["FINNISH_HEART_SYMBOL"," GOODS_FROM_FINLAND_BLUE_SWAN"],"hierarchyPath":[{"id":"Herkku_00000499","name":"Moniviljahiutaleet","slug":"kuivatuotteet-ja-leivonta-1/hiutaleet-murot-ja-myslit/moniviljahiutaleet","__typename":"HierarchyPathItem"},{"id":"Herkku_00000053","name":"Hiutaleet, murot ja myslit","slug":"kuivatuotteet-ja-leivonta-1/hiutaleet-murot-ja-myslit","__typename":"HierarchyPathItem"},{"id":"Herkku_00000007","name":"Kuivatuotteet ja leivonta","slug":"kuivatuotteet-ja-leivonta-1","__typename":"HierarchyPathItem"}],"isGlobalFallback":null,"countryName":{"fi":"Suomi","__typename":"CountryName"}},{"id":"6413467282508","ean":"6413467282508","name":"Fazer Puikula Täysjyväruis 6kpl 330g, täysjyväruisleipä","price":1.59,"storeId":725782447,"__typename":"Product","approxPrice":false,"basicQuantityUnit":"KPL","comparisonPrice":4.82,"comparisonUnit":"KGM","consumerPackageSize":null,"consumerPackageUnit":null,"priceUnit":"KPL","quantityMultiplier":1,"brandName":"Fazer","slug":"fazer-puikula-taysjyvaruis-6kpl-330g-taysjyvaruisleipa","isAgeLimitedByAlcohol":false,"frozen":false,"packagingLabels":["Hyvää Suomesta (Sininen Joutsen)"],"packagingLabelCodes":["GOODS_FROM_FINLAND_BLUE_SWAN"],"hierarchyPath":[{"id":"StructureGroup_507756644163854","name":"Tummat leivät","slug":"leivat-keksit-ja-leivonnaiset-1/leivat/tummat-leivat","__typename":"HierarchyPathItem"},{"id":"StructureGroup_1796559627347513","name":"Leivät","slug":"leivat-keksit-ja-leivonnaiset-1/leivat","__typename":"HierarchyPathItem"},{"id":"Herkku_00000008","name":"Leivät, keksit ja leivonnaiset","slug":"leivat-keksit-ja-leivonnaiset-1","__typename":"HierarchyPathItem"}],"isGlobalFallback":null,"countryName":{"fi":"Suomi","__typename":"CountryName"}},{"id":"6413467309106","ean":"6413467309106","name":"Fazer Alku Omenainen kauragranola 400 g","price":5.69,"storeId":725782447,"__typename":"Product","approxPrice":false,"basicQuantityUnit":"KPL","comparisonPrice":14.23,"comparisonUnit":"KGM","consumerPackageSize":null,"consumerPackageUnit":null,"priceUnit":"KPL","quantityMultiplier":1,"brandName":"Fazer","slug":"fazer-alku-omenainen-kauragranola-400-g","isAgeLimitedByAlcohol":false,"frozen":false,"packagingLabels":["Kierrätysmerkki"],"packagingLabelCodes":["RECYCLABLE_GENERAL_CLAIM"],"hierarchyPath":[{"id":"Herkku_00000317","name":"Myslit","slug":"kuivatuotteet-ja-leivonta-1/hiutaleet-murot-ja-myslit/myslit","__typename":"HierarchyPathItem"},{"id":"Herkku_00000053","name":"Hiutaleet, murot ja myslit","slug":"kuivatuotteet-ja-leivonta-1/hiutaleet-murot-ja-myslit","__typename":"HierarchyPathItem"},{"id":"Herkku_00000007","name":"Kuivatuotteet ja leivonta","slug":"kuivatuotteet-ja-leivonta-1","__typename":"HierarchyPathItem"}],"isGlobalFallback":null,"countryName":{"fi":"Suomi","__typename":"CountryName"}},{"id":"6413467337802","ean":"6413467337802","name":"Fazer Vuoksen Riisipiirakka 15kpl 750g, raakapakaste","price":4.39,"storeId":725782447,"__typename":"Product","approxPrice":false,"basicQuantityUnit":"KPL","comparisonPrice":5.85,"comparisonUnit":"KGM","consumerPackageSize":null,"consumerPackageUnit":null,"priceUnit":"KPL","quantityMultiplier":1,"brandName":"Fazer","slug":"fazer-vuoksen-riisipiirakka-15kpl-750g-raakapakaste","isAgeLimitedByAlcohol":false,"frozen":true,"packagingLabels":["Avainlippu"],"packagingLabelCodes":["MADE_IN_FINLAND_FLAG_WITH_KEY"],"hierarchyPath":[{"id":"1591691225974009","name":"Piirakat ja pasteijat","slug":"pakasteet-1/leivonnais-ja-leipapakasteet/piirakat-ja-pasteijat","__typename":"HierarchyPathItem"},{"id":"Herkku_00000125","name":"Leivonnais- ja leipäpakasteet","slug":"pakasteet-1/leivonnais-ja-leipapakasteet","__typename":"HierarchyPathItem"},{"id":"Herkku_00000013","name":"Pakasteet","slug":"pakasteet-1","__typename":"HierarchyPathItem"}],"isGlobalFallback":null,"countryName":{"fi":"Suomi","__typename":"CountryName"}},{"id":"6413467393006","ean":"6413467393006","name":"Oululainen Pullava Uuniomenapitko 420g, täytepitko, kausimaku","price":3.95,"storeId":725782447,"__typename":"Product","approxPrice":false,"basicQuantityUnit":"KPL","comparisonPrice":9.4,"comparisonUnit":"KGM","consumerPackageSize":null,"consumerPackageUnit":null,"priceUnit":"KPL","quantityMultiplier":1,"brandName":"Oululainen Pullava","slug":"oululainen-pullava-uuniomenapitko-420g-taytepitko-kausimaku","isAgeLimitedByAlcohol":false,"frozen":false,"packagingLabels":["Avainlippu"," Kierrätysmerkki"],"packagingLabelCodes":["MADE_IN_FINLAND_FLAG_WITH_KEY"," RECYCLABLE_GENERAL_CLAIM"],"hierarchyPath":[{"id":"Herkku_00000938","name":"Pitkot ja täytepitkot","slug":"leivat-keksit-ja-leivonnaiset-1/leivonnaiset/pitkot-ja-taytepitkot","__typename":"HierarchyPathItem"},{"id":"Herkku_00000152","name":"Leivonnaiset","slug":"leivat-keksit-ja-leivonnaiset-1/leivonnaiset","__typename":"HierarchyPathItem"},{"id":"Herkku_00000008","name":"Leivät, keksit ja leivonnaiset","slug":"leivat-keksit-ja-leivonnaiset-1","__typename":"HierarchyPathItem"}],"isGlobalFallback":null,"countryName":{"fi":"Suomi","__typename":"CountryName"}},{"id":"6413467402203","ean":"6413467402203","name":"Fazer Puikula Pehmeämpi 100Kaura 4kpl 220g, kauraleipä","price":1.89,"storeId":725782447,"__typename":"Product","approxPrice":false,"basicQuantityUnit":"KPL","comparisonPrice":8.59,"comparisonUnit":"KGM","consumerPackageSize":null,"consumerPackageUnit":null,"priceUnit":"KPL","quantityMultiplier":1,"brandName":"Fazer","slug":"fazer-puikula-pehmeampi-100kaura-4kpl-220g-kauraleipa","isAgeLimitedByAlcohol":false,"frozen":false,"packagingLabels":["Hyvää Suomesta (Sininen Joutsen)"],"packagingLabelCodes":["GOODS_FROM_FINLAND_BLUE_SWAN"],"hierarchyPath":[{"id":"1591691250986235","name":"Muut vaaleat leivät","slug":"leivat-keksit-ja-leivonnaiset-1/leivat/muut-vaaleat-leivat","__typename":"HierarchyPathItem"},{"id":"StructureGroup_1796559627347513","name":"Leivät","slug":"leivat-keksit-ja-leivonnaiset-1/leivat","__typename":"HierarchyPathItem"},{"id":"Herkku_00000008","name":"Leivät, keksit ja leivonnaiset","slug":"leivat-keksit-ja-leivonnaiset-1","__typename":"HierarchyPathItem"}],"isGlobalFallback":null,"countryName":{"fi":"Suomi","__typename":"CountryName"}},{"id":"6413467412806","ean":"6413467412806","name":"Fazer Mustikkarahkapiirakka 2kpl 140g","price":2.35,"storeId":725782447,"__typename":"Product","approxPrice":false,"basicQuantityUnit":"KPL","comparisonPrice":16.79,"comparisonUnit":"KGM","consumerPackageSize":null,"consumerPackageUnit":null,"priceUnit":"KPL","quantityMultiplier":1,"brandName":"Fazer","slug":"fazer-mustikkarahkapiirakka-2kpl-140g","isAgeLimitedByAlcohol":false,"frozen":false,"packagingLabels":["Avainlippu"],"packagingLabelCodes":["MADE_IN_FINLAND_FLAG_WITH_KEY"],"hierarchyPath":[{"id":"Herkku_00000936","name":"Makeat piirakat","slug":"leivat-keksit-ja-leivonnaiset-1/leivonnaiset/makeat-piirakat","__typename":"HierarchyPathItem"},{"id":"Herkku_00000152","name":"Leivonnaiset","slug":"leivat-keksit-ja-leivonnaiset-1/leivonnaiset","__typename":"HierarchyPathItem"},{"id":"Herkku_00000008","name":"Leivät, keksit ja leivonnaiset","slug":"leivat-keksit-ja-leivonnaiset-1","__typename":"HierarchyPathItem"}],"isGlobalFallback":null,"countryName":{"fi":"Suomi","__typename":"CountryName"}},{"id":"6413467413001","ean":"6413467413001","name":"Fazer Vadelma-mustikkapiirakka 2kpl 140g","price":2.35,"storeId":725782447,"__typename":"Product","approxPrice":false,"basicQuantityUnit":"KPL","comparisonPrice":16.79,"comparisonUnit":"KGM","consumerPackageSize":null,"consumerPackageUnit":null,"priceUnit":"KPL","quantityMultiplier":1,"brandName":"Fazer","slug":"fazer-vadelma-mustikkapiirakka-2kpl-140g","isAgeLimitedByAlcohol":false,"frozen":false,"packagingLabels":["Avainlippu"],"packagingLabelCodes":["MADE_IN_FINLAND_FLAG_WITH_KEY"],"hierarchyPath":[{"id":"Herkku_00000936","name":"Makeat piirakat","slug":"leivat-keksit-ja-leivonnaiset-1/leivonnaiset/makeat-piirakat","__typename":"HierarchyPathItem"},{"id":"Herkku_00000152","name":"Leivonnaiset","slug":"leivat-keksit-ja-leivonnaiset-1/leivonnaiset","__typename":"HierarchyPathItem"},{"id":"Herkku_00000008","name":"Leivät, keksit ja leivonnaiset","slug":"leivat-keksit-ja-leivonnaiset-1","__typename":"HierarchyPathItem"}],"isGlobalFallback":null,"countryName":{"fi":"Suomi","__typename":"CountryName"}},{"id":"6413467443602","ean":"6413467443602","name":"Fazer Lemppari Kaurarieskanen 12kpl 310g, kaura-vehnärieska","price":2.65,"storeId":725782447,"__typename":"Product","approxPrice":false,"basicQuantityUnit":"KPL","comparisonPrice":8.55,"comparisonUnit":"KGM","consumerPackageSize":null,"consumerPackageUnit":null,"priceUnit":"KPL","quantityMultiplier":1,"brandName":"Fazer","slug":"fazer-lemppari-kaurarieskanen-12kpl-310g-kaura-vehnarieska","isAgeLimitedByAlcohol":false,"frozen":false,"packagingLabels":[],"packagingLabelCodes":[],"hierarchyPath":[{"id":"1591691250986230","name":"Rieskat","slug":"leivat-keksit-ja-leivonnaiset-1/leivat/rieskat","__typename":"HierarchyPathItem"},{"id":"StructureGroup_1796559627347513","name":"Leivät","slug":"leivat-keksit-ja-leivonnaiset-1/leivat","__typename":"HierarchyPathItem"},{"id":"Herkku_00000008","name":"Leivät, keksit ja leivonnaiset","slug":"leivat-keksit-ja-leivonnaiset-1","__typename":"HierarchyPathItem"}],"isGlobalFallback":null,"countryName":{"fi":"Ruotsi","__typename":"CountryName"}},{"id":"6413467449604","ean":"6413467449604","name":"Oululainen Reissumies Tosi Ohut Ruis 5kpl 175g, täysjyväruisleipä","price":1.15,"storeId":725782447,"__typename":"Product","approxPrice":false,"basicQuantityUnit":"KPL","comparisonPrice":6.57,"comparisonUnit":"KGM","consumerPackageSize":null,"consumerPackageUnit":null,"priceUnit":"KPL","quantityMultiplier":1,"brandName":"Oululainen Reissumies","slug":"oululainen-reissumies-tosi-ohut-ruis-5kpl-175g-taysjyvaruisleipa","isAgeLimitedByAlcohol":false,"frozen":false,"packagingLabels":["Hyvää Suomesta (Sininen Joutsen)"," Kierrätysmerkki"],"packagingLabelCodes":["GOODS_FROM_FINLAND_BLUE_SWAN"," RECYCLABLE_GENERAL_CLAIM"],"hierarchyPath":[{"id":"StructureGroup_507756644163854","name":"Tummat leivät","slug":"leivat-keksit-ja-leivonnaiset-1/leivat/tummat-leivat","__typename":"HierarchyPathItem"},{"id":"StructureGroup_1796559627347513","name":"Leivät","slug":"leivat-keksit-ja-leivonnaiset-1/leivat","__typename":"HierarchyPathItem"},{"id":"Herkku_00000008","name":"Leivät, keksit ja leivonnaiset","slug":"leivat-keksit-ja-leivonnaiset-1","__typename":"HierarchyPathItem"}],"isGlobalFallback":null,"countryName":{"fi":"Suomi","__typename":"CountryName"}},{"id":"6413467459504","ean":"6413467459504","name":"Oululainen Reissumies Eväsleipä Tosi Tumma Savulohi 130g, täytetty täysjyväruisleipä, täytteenä lohi-punasipuli-remoulade","price":3.69,"storeId":725782447,"__typename":"Product","approxPrice":false,"basicQuantityUnit":"KPL","comparisonPrice":28.38,"comparisonUnit":"KGM","consumerPackageSize":null,"consumerPackageUnit":null,"priceUnit":"KPL","quantityMultiplier":1,"brandName":"Oululainen Reissumies","slug":"oululainen-reissumies-evasleipa-tosi-tumma-savulohi-130g-taytetty-taysjyvaruisleipa-taytteena-lohi-punasipuli-remoulade","isAgeLimitedByAlcohol":false,"frozen":false,"packagingLabels":["Avainlippu"],"packagingLabelCodes":["MADE_IN_FINLAND_FLAG_WITH_KEY"],"hierarchyPath":[{"id":"1591691237218566","name":"Leivät, paninit ja wrapit","slug":"valmisruoka-1/valmisateriat-ja-keitot/leivat-paninit-ja-wrapit","__typename":"HierarchyPathItem"},{"id":"1591691237074396","name":"Valmisateriat ja -keitot","slug":"valmisruoka-1/valmisateriat-ja-keitot","__typename":"HierarchyPathItem"},{"id":"StructureGroup_1356670909914497","name":"Valmisruoka","slug":"valmisruoka-1","__typename":"HierarchyPathItem"}],"isGlobalFallback":null,"countryName":{"fi":"Suomi","__typename":"CountryName"}},{"id":"6413467489518","ean":"6413467489518","name":"Fazer Pizzataikina 4kpl 600g raakapakaste","price":2.69,"storeId":725782447,"__typename":"Product","approxPrice":false,"basicQuantityUnit":"KPL","comparisonPrice":4.48,"comparisonUnit":"KGM","consumerPackageSize":null,"consumerPackageUnit":null,"priceUnit":"KPL","quantityMultiplier":1,"brandName":"Fazer","slug":"fazer-pizzataikina-4kpl-600g-raakapakaste","isAgeLimitedByAlcohol":false,"frozen":true,"packagingLabels":["Hyvää Suomesta (Sininen Joutsen)"],"packagingLabelCodes":["GOODS_FROM_FINLAND_BLUE_SWAN"],"hierarchyPath":[{"id":"1591691225974003","name":"Taikinat","slug":"pakasteet-1/leivonnais-ja-leipapakasteet/taikinat","__typename":"HierarchyPathItem"},{"id":"Herkku_00000125","name":"Leivonnais- ja leipäpakasteet","slug":"pakasteet-1/leivonnais-ja-leipapakasteet","__typename":"HierarchyPathItem"},{"id":"Herkku_00000013","name":"Pakasteet","slug":"pakasteet-1","__typename":"HierarchyPathItem"}],"isGlobalFallback":null,"countryName":{"fi":"Suomi","__typename":"CountryName"}},{"id":"6413467508301","ean":"6413467508301","name":"Fazer Rouhesämpylä 3kpl 195g","price":1.55,"storeId":725782447,"__typename":"Product","approxPrice":false,"basicQuantityUnit":"KPL","comparisonPrice":7.95,"comparisonUnit":"KGM","consumerPackageSize":null,"consumerPackageUnit":null,"priceUnit":"KPL","quantityMultiplier":1,"brandName":"Fazer","slug":"fazer-rouhesampyla-3kpl-195g","isAgeLimitedByAlcohol":false,"frozen":false,"packagingLabels":["Hyvää Suomesta (Sininen Joutsen)"],"packagingLabelCodes":["GOODS_FROM_FINLAND_BLUE_SWAN"],"hierarchyPath":[{"id":"1591691250986233","name":"Sämpylät","slug":"leivat-keksit-ja-leivonnaiset-1/leivat/sampylat","__typename":"HierarchyPathItem"},{"id":"StructureGroup_1796559627347513","name":"Leivät","slug":"leivat-keksit-ja-leivonnaiset-1/leivat","__typename":"HierarchyPathItem"},{"id":"Herkku_00000008","name":"Leivät, keksit ja leivonnaiset","slug":"leivat-keksit-ja-leivonnaiset-1","__typename":"HierarchyPathItem"}],"isGlobalFallback":null,"countryName":{"fi":"Suomi","__typename":"CountryName"}},{"id":"6413467512711","ean":"6413467512711","name":"Fazer Mokkapalat 380g, pakastepiirakka","price":6.59,"storeId":725782447,"__typename":"Product","approxPrice":false,"basicQuantityUnit":"KPL","comparisonPrice":17.34,"comparisonUnit":"KGM","consumerPackageSize":null,"consumerPackageUnit":null,"priceUnit":"KPL","quantityMultiplier":1,"brandName":"Fazer","slug":"fazer-mokkapalat-380g-pakastepiirakka","isAgeLimitedByAlcohol":false,"frozen":true,"packagingLabels":[],"packagingLabelCodes":[],"hierarchyPath":[{"id":"1591691225974004","name":"Kakut, pullat ja leivokset","slug":"pakasteet-1/leivonnais-ja-leipapakasteet/kakut-pullat-ja-leivokset","__typename":"HierarchyPathItem"},{"id":"Herkku_00000125","name":"Leivonnais- ja leipäpakasteet","slug":"pakasteet-1/leivonnais-ja-leipapakasteet","__typename":"HierarchyPathItem"},{"id":"Herkku_00000013","name":"Pakasteet","slug":"pakasteet-1","__typename":"HierarchyPathItem"}],"isGlobalFallback":null,"countryName":{"fi":"Liettua","__typename":"CountryName"}},{"id":"6413467546716","ean":"6413467546716","name":"Fazer Dallaspulla 6kpl 582g, raakapakaste","price":5.65,"storeId":725782447,"__typename":"Product","approxPrice":false,"basicQuantityUnit":"KPL","comparisonPrice":9.71,"comparisonUnit":"KGM","consumerPackageSize":null,"consumerPackageUnit":null,"priceUnit":"KPL","quantityMultiplier":1,"brandName":"Fazer","slug":"fazer-dallaspulla-6kpl-582g-raakapakaste","isAgeLimitedByAlcohol":false,"frozen":true,"packagingLabels":["Avainlippu"],"packagingLabelCodes":["MADE_IN_FINLAND_FLAG_WITH_KEY"],"hierarchyPath":[{"id":"1591691225974004","name":"Kakut, pullat ja leivokset","slug":"pakasteet-1/leivonnais-ja-leipapakasteet/kakut-pullat-ja-leivokset","__typename":"HierarchyPathItem"},{"id":"Herkku_00000125","name":"Leivonnais- ja leipäpakasteet","slug":"pakasteet-1/leivonnais-ja-leipapakasteet","__typename":"HierarchyPathItem"},{"id":"Herkku_00000013","name":"Pakasteet","slug":"pakasteet-1","__typename":"HierarchyPathItem"}],"isGlobalFallback":null,"countryName":{"fi":"Suomi","__typename":"CountryName"}},{"id":"6413600000822","ean":"6413600000822","name":"Hartwall Vichy Original kivennäisvesi 1,5 l","price":3.19,"storeId":725782447,"__typename":"Product","approxPrice":false,"basicQuantityUnit":"KPL","comparisonPrice":1.86,"comparisonUnit":"LTR","consumerPackageSize":null,"consumerPackageUnit":null,"priceUnit":"KPL","quantityMultiplier":1,"brandName":"Hartwall","slug":"hartwall-vichy-original-kivennaisvesi-1-5-l","isAgeLimitedByAlcohol":false,"frozen":false,"packagingLabels":["Avainlippu"],"packagingLabelCodes":["MADE_IN_FINLAND_FLAG_WITH_KEY"],"hierarchyPath":[{"id":"Herkku_00000853","name":"Vichyt","slug":"juomat-1/vedet/vichyt","__typename":"HierarchyPathItem"},{"id":"Herkku_00000141","name":"Vedet","slug":"juomat-1/vedet","__typename":"HierarchyPathItem"},{"id":"Herkku_00000005","name":"Juomat","slug":"juomat-1","__typename":"HierarchyPathItem"}],"isGlobalFallback":null,"countryName":{"fi":"Suomi","__typename":"CountryName"}},{"id":"6413600000860","ean":"6413600000860","name":"Hartwall Vichy Original kivennäisvesi 0,5 l","price":2.15,"storeId":725782447,"__typename":"Product","approxPrice":false,"basicQuantityUnit":"KPL","comparisonPrice":3.9,"comparisonUnit":"LTR","consumerPackageSize":null,"consumerPackageUnit":null,"priceUnit":"KPL","quantityMultiplier":1,"brandName":"Hartwall","slug":"hartwall-vichy-original-kivennaisvesi-0-5-l","isAgeLimitedByAlcohol":false,"frozen":false,"packagingLabels":["Avainlippu"],"packagingLabelCodes":["MADE_IN_FINLAND_FLAG_WITH_KEY"],"hierarchyPath":[{"id":"Herkku_00000853","name":"Vichyt","slug":"juomat-1/vedet/vichyt","__typename":"HierarchyPathItem"},{"id":"Herkku_00000141","name":"Vedet","slug":"juomat-1/vedet","__typename":"HierarchyPathItem"},{"id":"Herkku_00000005","name":"Juomat","slug":"juomat-1","__typename":"HierarchyPathItem"}],"isGlobalFallback":null,"countryName":{"fi":"Suomi","__typename":"CountryName"}},{"id":"6413600000938","ean":"6413600000938","name":"Pommac virvoitusjuoma 1,5 l","price":4.09,"storeId":725782447,"__typename":"Product","approxPrice":false,"basicQuantityUnit":"KPL","comparisonPrice":2.46,"comparisonUnit":"LTR","consumerPackageSize":null,"consumerPackageUnit":null,"priceUnit":"KPL","quantityMultiplier":1,"brandName":"Pommac","slug":"pommac-virvoitusjuoma-1-5-l","isAgeLimitedByAlcohol":false,"frozen":false,"packagingLabels":["Avainlippu"],"packagingLabelCodes":["MADE_IN_FINLAND_FLAG_WITH_KEY"],"hierarchyPath":[{"id":"Herkku_00000797","name":"Muut virvoitusjuomat","slug":"juomat-1/virvoitusjuomat/muut-virvoitusjuomat","__typename":"HierarchyPathItem"},{"id":"Herkku_00000048","name":"Virvoitusjuomat","slug":"juomat-1/virvoitusjuomat","__typename":"HierarchyPathItem"},{"id":"Herkku_00000005","name":"Juomat","slug":"juomat-1","__typename":"HierarchyPathItem"}],"isGlobalFallback":null,"countryName":{"fi":"Suomi","__typename":"CountryName"}},{"id":"6413600013082","ean":"6413600013082","name":"Pepsi Max virvoitusjuoma 0,5 l","price":2.19,"storeId":725782447,"__typename":"Product","approxPrice":false,"basicQuantityUnit":"KPL","comparisonPrice":3.98,"comparisonUnit":"LTR","consumerPackageSize":null,"consumerPackageUnit":null,"priceUnit":"KPL","quantityMultiplier":1,"brandName":"Hartwall","slug":"pepsi-max-virvoitusjuoma-0-5-l","isAgeLimitedByAlcohol":false,"frozen":false,"packagingLabels":[],"packagingLabelCodes":[],"hierarchyPath":[{"id":"Herkku_00000795","name":"Cola-juomat","slug":"juomat-1/virvoitusjuomat/cola-juomat","__typename":"HierarchyPathItem"},{"id":"Herkku_00000048","name":"Virvoitusjuomat","slug":"juomat-1/virvoitusjuomat","__typename":"HierarchyPathItem"},{"id":"Herkku_00000005","name":"Juomat","slug":"juomat-1","__typename":"HierarchyPathItem"}],"isGlobalFallback":null,"countryName":{"fi":"Suomi","__typename":"CountryName"}},{"id":"6413600015147","ean":"6413600015147","name":"Pepsi Max virvoitusjuoma 1,5 l","price":2.65,"storeId":725782447,"__typename":"Product","approxPrice":false,"basicQuantityUnit":"KPL","comparisonPrice":1.5,"comparisonUnit":"LTR","consumerPackageSize":null,"consumerPackageUnit":null,"priceUnit":"KPL","quantityMultiplier":1,"brandName":"Hartwall","slug":"pepsi-max-virvoitusjuoma-1-5-l","isAgeLimitedByAlcohol":false,"frozen":false,"packagingLabels":[],"packagingLabelCodes":[],"hierarchyPath":[{"id":"Herkku_00000795","name":"Cola-juomat","slug":"juomat-1/virvoitusjuomat/cola-juomat","__typename":"HierarchyPathItem"},{"id":"Herkku_00000048","name":"Virvoitusjuomat","slug":"juomat-1/virvoitusjuomat","__typename":"HierarchyPathItem"},{"id":"Herkku_00000005","name":"Juomat","slug":"juomat-1","__typename":"HierarchyPathItem"}],"isGlobalFallback":null,"countryName":{"fi":"Suomi","__typename":"CountryName"}},{"id":"6413600015161","ean":"6413600015161","name":"2 x Pepsi Max virvoitusjuoma 1,5 l","price":4.39,"storeId":725782447,"__typename":"Product","approxPrice":false,"basicQuantityUnit":"KPL","comparisonPrice":1.2,"comparisonUnit":"LTR","consumerPackageSize":null,"consumerPackageUnit":null,"priceUnit":"KPL","quantityMultiplier":1,"brandName":"Hartwall","slug":"2-x-pepsi-max-virvoitusjuoma-1-5-l","isAgeLimitedByAlcohol":false,"frozen":false,"packagingLabels":[],"packagingLabelCodes":[],"hierarchyPath":[{"id":"Herkku_00000795","name":"Cola-juomat","slug":"juomat-1/virvoitusjuomat/cola-juomat","__typename":"HierarchyPathItem"},{"id":"Herkku_00000048","name":"Virvoitusjuomat","slug":"juomat-1/virvoitusjuomat","__typename":"HierarchyPathItem"},{"id":"Herkku_00000005","name":"Juomat","slug":"juomat-1","__typename":"HierarchyPathItem"}],"isGlobalFallback":null,"countryName":{"fi":"Suomi","__typename":"CountryName"}},{"id":"6413600015499","ean":"6413600015499","name":"Pepsi Max Cherry virvoitusjuoma 1,5 l","price":3.05,"storeId":725782447,"__typename":"Product","approxPrice":false,"basicQuantityUnit":"KPL","comparisonPrice":1.77,"comparisonUnit":"LTR","consumerPackageSize":null,"consumerPackageUnit":null,"priceUnit":"KPL","quantityMultiplier":1,"brandName":"Hartwall","slug":"pepsi-max-cherry-virvoitusjuoma-1-5-l","isAgeLimitedByAlcohol":false,"frozen":false,"packagingLabels":[],"packagingLabelCodes":[],"hierarchyPath":[{"id":"Herkku_00000795","name":"Cola-juomat","slug":"juomat-1/virvoitusjuomat/cola-juomat","__typename":"HierarchyPathItem"},{"id":"Herkku_00000048","name":"Virvoitusjuomat","slug":"juomat-1/virvoitusjuomat","__typename":"HierarchyPathItem"},{"id":"Herkku_00000005","name":"Juomat","slug":"juomat-1","__typename":"HierarchyPathItem"}],"isGlobalFallback":null,"countryName":{"fi":"Suomi","__typename":"CountryName"}},{"id":"6413600016007","ean":"6413600016007","name":"Hartwall Jaffa Appelsiini virvoitusjuoma 0,5 l","price":2.35,"storeId":725782447,"__typename":"Product","approxPrice":false,"basicQuantityUnit":"KPL","comparisonPrice":4.3,"comparisonUnit":"LTR","consumerPackageSize":null,"consumerPackageUnit":null,"priceUnit":"KPL","quantityMultiplier":1,"brandName":"Hartwall","slug":"hartwall-jaffa-appelsiini-virvoitusjuoma-0-5-l","isAgeLimitedByAlcohol":false,"frozen":false,"packagingLabels":["Avainlippu"],"packagingLabelCodes":["MADE_IN_FINLAND_FLAG_WITH_KEY"],"hierarchyPath":[{"id":"Herkku_00000796","name":"Appelsiinijuomat","slug":"juomat-1/virvoitusjuomat/appelsiinijuomat","__typename":"HierarchyPathItem"},{"id":"Herkku_00000048","name":"Virvoitusjuomat","slug":"juomat-1/virvoitusjuomat","__typename":"HierarchyPathItem"},{"id":"Herkku_00000005","name":"Juomat","slug":"juomat-1","__typename":"HierarchyPathItem"}],"isGlobalFallback":null,"countryName":{"fi":"Suomi","__typename":"CountryName"}},{"id":"6413600016212","ean":"6413600016212","name":"Hartwall Jaffa Appelsiini virvoitusjuoma 1,5 l","price":3.35,"storeId":725782447,"__typename":"Product","approxPrice":false,"basicQuantityUnit":"KPL","comparisonPrice":1.97,"comparisonUnit":"LTR","consumerPackageSize":null,"consumerPackageUnit":null,"priceUnit":"KPL","quantityMultiplier":1,"brandName":"Hartwall","slug":"hartwall-jaffa-appelsiini-virvoitusjuoma-1-5-l","isAgeLimitedByAlcohol":false,"frozen":false,"packagingLabels":["Avainlippu"],"packagingLabelCodes":["MADE_IN_FINLAND_FLAG_WITH_KEY"],"hierarchyPath":[{"id":"Herkku_00000796","name":"Appelsiinijuomat","slug":"juomat-1/virvoitusjuomat/appelsiinijuomat","__typename":"HierarchyPathItem"},{"id":"Herkku_00000048","name":"Virvoitusjuomat","slug":"juomat-1/virvoitusjuomat","__typename":"HierarchyPathItem"},{"id":"Herkku_00000005","name":"Juomat","slug":"juomat-1","__typename":"HierarchyPathItem"}],"isGlobalFallback":null,"countryName":{"fi":"Suomi","__typename":"CountryName"}},{"id":"6413600017202","ean":"6413600017202","name":"Hartwall Novelle kivennäisvesi 1,5 l","price":2.85,"storeId":725782447,"__typename":"Product","approxPrice":false,"basicQuantityUnit":"KPL","comparisonPrice":1.63,"comparisonUnit":"LTR","consumerPackageSize":null,"consumerPackageUnit":null,"priceUnit":"KPL","quantityMultiplier":1,"brandName":"Hartwall","slug":"hartwall-novelle-kivennaisvesi-1-5-l","isAgeLimitedByAlcohol":false,"frozen":false,"packagingLabels":["Avainlippu"],"packagingLabelCodes":["MADE_IN_FINLAND_FLAG_WITH_KEY"],"hierarchyPath":[{"id":"Herkku_00000852","name":"Kivennäisvedet","slug":"juomat-1/vedet/kivennaisvedet","__typename":"HierarchyPathItem"},{"id":"Herkku_00000141","name":"Vedet","slug":"juomat-1/vedet","__typename":"HierarchyPathItem"},{"id":"Herkku_00000005","name":"Juomat","slug":"juomat-1","__typename":"HierarchyPathItem"}],"isGlobalFallback":null,"countryName":{"fi":"Suomi","__typename":"CountryName"}},{"id":"6413600017257","ean":"6413600017257","name":"Hartwall Novelle Plus Sinkki + E 1,5 l","price":3.65,"storeId":725782447,"__typename":"Product","approxPrice":false,"basicQuantityUnit":"KPL","comparisonPrice":2.17,"comparisonUnit":"LTR","consumerPackageSize":null,"consumerPackageUnit":null,"priceUnit":"KPL","quantityMultiplier":1,"brandName":"Hartwall","slug":"hartwall-novelle-plus-sinkki-e-1-5-l","isAgeLimitedByAlcohol":false,"frozen":false,"packagingLabels":["Avainlippu"],"packagingLabelCodes":["MADE_IN_FINLAND_FLAG_WITH_KEY"],"hierarchyPath":[{"id":"Herkku_00000854","name":"Hyvinvointivedet","slug":"juomat-1/vedet/hyvinvointivedet","__typename":"HierarchyPathItem"},{"id":"Herkku_00000141","name":"Vedet","slug":"juomat-1/vedet","__typename":"HierarchyPathItem"},{"id":"Herkku_00000005","name":"Juomat","slug":"juomat-1","__typename":"HierarchyPathItem"}],"isGlobalFallback":null,"countryName":{"fi":"Suomi","__typename":"CountryName"}},{"id":"6413600017363","ean":"6413600017363","name":"Hartwall Novelle Plus MultiB+C 1,5 l","price":3.65,"storeId":725782447,"__typename":"Product","approxPrice":false,"basicQuantityUnit":"KPL","comparisonPrice":2.17,"comparisonUnit":"LTR","consumerPackageSize":null,"consumerPackageUnit":null,"priceUnit":"KPL","quantityMultiplier":1,"brandName":"Hartwall","slug":"hartwall-novelle-plus-multibc-1-5-l","isAgeLimitedByAlcohol":false,"frozen":false,"packagingLabels":["Avainlippu"],"packagingLabelCodes":["MADE_IN_FINLAND_FLAG_WITH_KEY"],"hierarchyPath":[{"id":"Herkku_00000854","name":"Hyvinvointivedet","slug":"juomat-1/vedet/hyvinvointivedet","__typename":"HierarchyPathItem"},{"id":"Herkku_00000141","name":"Vedet","slug":"juomat-1/vedet","__typename":"HierarchyPathItem"},{"id":"Herkku_00000005","name":"Juomat","slug":"juomat-1","__typename":"HierarchyPathItem"}],"isGlobalFallback":null,"countryName":{"fi":"Suomi","__typename":"CountryName"}},{"id":"6413600017509","ean":"6413600017509","name":"Hartwall Novelle Plus Sinkki + E 0,5 l","price":2.35,"storeId":725782447,"__typename":"Product","approxPrice":false,"basicQuantityUnit":"KPL","comparisonPrice":4.3,"comparisonUnit":"LTR","consumerPackageSize":null,"consumerPackageUnit":null,"priceUnit":"KPL","quantityMultiplier":1,"brandName":"Hartwall","slug":"hartwall-novelle-plus-sinkki-e-0-5-l","isAgeLimitedByAlcohol":false,"frozen":false,"packagingLabels":["Avainlippu"],"packagingLabelCodes":["MADE_IN_FINLAND_FLAG_WITH_KEY"],"hierarchyPath":[{"id":"Herkku_00000854","name":"Hyvinvointivedet","slug":"juomat-1/vedet/hyvinvointivedet","__typename":"HierarchyPathItem"},{"id":"Herkku_00000141","name":"Vedet","slug":"juomat-1/vedet","__typename":"HierarchyPathItem"},{"id":"Herkku_00000005","name":"Juomat","slug":"juomat-1","__typename":"HierarchyPathItem"}],"isGlobalFallback":null,"countryName":{"fi":"Suomi","__typename":"CountryName"}},{"id":"6413600017523","ean":"6413600017523","name":"Hartwall Novelle Plus Multi B+C 0,5 l","price":2.35,"storeId":725782447,"__typename":"Product","approxPrice":false,"basicQuantityUnit":"KPL","comparisonPrice":4.3,"comparisonUnit":"LTR","consumerPackageSize":null,"consumerPackageUnit":null,"priceUnit":"KPL","quantityMultiplier":1,"brandName":"Hartwall","slug":"hartwall-novelle-plus-multi-bc-0-5-l","isAgeLimitedByAlcohol":false,"frozen":false,"packagingLabels":["Avainlippu"],"packagingLabelCodes":["MADE_IN_FINLAND_FLAG_WITH_KEY"],"hierarchyPath":[{"id":"Herkku_00000854","name":"Hyvinvointivedet","slug":"juomat-1/vedet/hyvinvointivedet","__typename":"HierarchyPathItem"},{"id":"Herkku_00000141","name":"Vedet","slug":"juomat-1/vedet","__typename":"HierarchyPathItem"},{"id":"Herkku_00000005","name":"Juomat","slug":"juomat-1","__typename":"HierarchyPathItem"}],"isGlobalFallback":null,"countryName":{"fi":"Suomi","__typename":"CountryName"}},{"id":"6413600017561","ean":"6413600017561","name":"Hartwall Novelle kivennäisvesi 0,5 l","price":2.09,"storeId":725782447,"__typename":"Product","approxPrice":false,"basicQuantityUnit":"KPL","comparisonPrice":3.78,"comparisonUnit":"LTR","consumerPackageSize":null,"consumerPackageUnit":null,"priceUnit":"KPL","quantityMultiplier":1,"brandName":"Hartwall","slug":"hartwall-novelle-kivennaisvesi-0-5-l","isAgeLimitedByAlcohol":false,"frozen":false,"packagingLabels":["Avainlippu"],"packagingLabelCodes":["MADE_IN_FINLAND_FLAG_WITH_KEY"],"hierarchyPath":[{"id":"Herkku_00000852","name":"Kivennäisvedet","slug":"juomat-1/vedet/kivennaisvedet","__typename":"HierarchyPathItem"},{"id":"Herkku_00000141","name":"Vedet","slug":"juomat-1/vedet","__typename":"HierarchyPathItem"},{"id":"Herkku_00000005","name":"Juomat","slug":"juomat-1","__typename":"HierarchyPathItem"}],"isGlobalFallback":null,"countryName":{"fi":"Suomi","__typename":"CountryName"}},{"id":"6413600018308","ean":"6413600018308","name":"Hartwall Jaffa Ananas Sokeriton virvoitusjuoma 1,5 l","price":3.19,"storeId":725782447,"__typename":"Product","approxPrice":false,"basicQuantityUnit":"KPL","comparisonPrice":1.86,"comparisonUnit":"LTR","consumerPackageSize":null,"consumerPackageUnit":null,"priceUnit":"KPL","quantityMultiplier":1,"brandName":"Hartwall","slug":"hartwall-jaffa-ananas-sokeriton-virvoitusjuoma-1-5-l","isAgeLimitedByAlcohol":false,"frozen":false,"packagingLabels":["Avainlippu"],"packagingLabelCodes":["MADE_IN_FINLAND_FLAG_WITH_KEY"],"hierarchyPath":[{"id":"Herkku_00000797","name":"Muut virvoitusjuomat","slug":"juomat-1/virvoitusjuomat/muut-virvoitusjuomat","__typename":"HierarchyPathItem"},{"id":"Herkku_00000048","name":"Virvoitusjuomat","slug":"juomat-1/virvoitusjuomat","__typename":"HierarchyPathItem"},{"id":"Herkku_00000005","name":"Juomat","slug":"juomat-1","__typename":"HierarchyPathItem"}],"isGlobalFallback":null,"countryName":{"fi":"Suomi","__typename":"CountryName"}},{"id":"6413600055211","ean":"6413600055211","name":"6 x Hartwall Original Long Drink 5,5% 0,33 l","price":16.74,"storeId":725782447,"__typename":"Product","approxPrice":false,"basicQuantityUnit":"KPL","comparisonPrice":8,"comparisonUnit":"LTR","consumerPackageSize":null,"consumerPackageUnit":null,"priceUnit":"KPL","quantityMultiplier":1,"brandName":"Hartwall","slug":"6-x-hartwall-original-long-drink-5-5-0-33-l","isAgeLimitedByAlcohol":true,"frozen":false,"packagingLabels":[],"packagingLabelCodes":[],"hierarchyPath":[{"id":"1591691240635050","name":"Greippilonkerot","slug":"juomat-1/lonkerot/greippilonkerot","__typename":"HierarchyPathItem"},{"id":"Herkku_00000139","name":"Lonkerot","slug":"juomat-1/lonkerot","__typename":"HierarchyPathItem"},{"id":"Herkku_00000005","name":"Juomat","slug":"juomat-1","__typename":"HierarchyPathItem"}],"isGlobalFallback":null,"countryName":{"fi":"Suomi","__typename":"CountryName"}},{"id":"6413600055365","ean":"6413600055365","name":"Hartwall Original Long Drink 5,5% 0,5 l","price":4.29,"storeId":725782447,"__typename":"Product","approxPrice":false,"basicQuantityUnit":"KPL","comparisonPrice":8.28,"comparisonUnit":"LTR","consumerPackageSize":null,"consumerPackageUnit":null,"priceUnit":"KPL","quantityMultiplier":1,"brandName":"Hartwall","slug":"hartwall-original-long-drink-5-5-0-5-l","isAgeLimitedByAlcohol":true,"frozen":false,"packagingLabels":[],"packagingLabelCodes":[],"hierarchyPath":[{"id":"1591691240635050","name":"Greippilonkerot","slug":"juomat-1/lonkerot/greippilonkerot","__typename":"HierarchyPathItem"},{"id":"Herkku_00000139","name":"Lonkerot","slug":"juomat-1/lonkerot","__typename":"HierarchyPathItem"},{"id":"Herkku_00000005","name":"Juomat","slug":"juomat-1","__typename":"HierarchyPathItem"}],"isGlobalFallback":null,"countryName":{"fi":"Suomi","__typename":"CountryName"}},{"id":"6413600055372","ean":"6413600055372","name":"Hartwall Original Long Drink 5,5% 0,33 l","price":2.79,"storeId":725782447,"__typename":"Product","approxPrice":false,"basicQuantityUnit":"KPL","comparisonPrice":8,"comparisonUnit":"LTR","consumerPackageSize":null,"consumerPackageUnit":null,"priceUnit":"KPL","quantityMultiplier":1,"brandName":"Hartwall","slug":"hartwall-original-long-drink-5-5-0-33-l","isAgeLimitedByAlcohol":true,"frozen":false,"packagingLabels":[],"packagingLabelCodes":[],"hierarchyPath":[{"id":"1591691240635050","name":"Greippilonkerot","slug":"juomat-1/lonkerot/greippilonkerot","__typename":"HierarchyPathItem"},{"id":"Herkku_00000139","name":"Lonkerot","slug":"juomat-1/lonkerot","__typename":"HierarchyPathItem"},{"id":"Herkku_00000005","name":"Juomat","slug":"juomat-1","__typename":"HierarchyPathItem"}],"isGlobalFallback":null,"countryName":{"fi":"Suomi","__typename":"CountryName"}},{"id":"6413600058014","ean":"6413600058014","name":"Happy Joe Dry Apple siideri 4,7% 0,33 l","price":2.79,"storeId":725782447,"__typename":"Product","approxPrice":false,"basicQuantityUnit":"KPL","comparisonPrice":8,"comparisonUnit":"LTR","consumerPackageSize":null,"consumerPackageUnit":null,"priceUnit":"KPL","quantityMultiplier":1,"brandName":"Hartwall","slug":"happy-joe-dry-apple-siideri-4-7-0-33-l","isAgeLimitedByAlcohol":true,"frozen":false,"packagingLabels":[],"packagingLabelCodes":[],"hierarchyPath":[{"id":"1591691240635057","name":"Omenasiiderit","slug":"juomat-1/siiderit/omenasiiderit","__typename":"HierarchyPathItem"},{"id":"Herkku_00000133","name":"Siiderit","slug":"juomat-1/siiderit","__typename":"HierarchyPathItem"},{"id":"Herkku_00000005","name":"Juomat","slug":"juomat-1","__typename":"HierarchyPathItem"}],"isGlobalFallback":null,"countryName":{"fi":"Suomi","__typename":"CountryName"}},{"id":"6413600058021","ean":"6413600058021","name":"Happy Joe Cloudy Apple siideri 4,7% 0,275 l","price":2.8400000000000003,"storeId":725782447,"__typename":"Product","approxPrice":false,"basicQuantityUnit":"KPL","comparisonPrice":9.96,"comparisonUnit":"LTR","consumerPackageSize":null,"consumerPackageUnit":null,"priceUnit":"KPL","quantityMultiplier":1,"brandName":"Hartwall","slug":"happy-joe-cloudy-apple-siideri-4-7-0-275-l","isAgeLimitedByAlcohol":true,"frozen":false,"packagingLabels":[],"packagingLabelCodes":[],"hierarchyPath":[{"id":"1591691240635057","name":"Omenasiiderit","slug":"juomat-1/siiderit/omenasiiderit","__typename":"HierarchyPathItem"},{"id":"Herkku_00000133","name":"Siiderit","slug":"juomat-1/siiderit","__typename":"HierarchyPathItem"},{"id":"Herkku_00000005","name":"Juomat","slug":"juomat-1","__typename":"HierarchyPathItem"}],"isGlobalFallback":null,"countryName":{"fi":"Suomi","__typename":"CountryName"}},{"id":"6413600090113","ean":"6413600090113","name":"Lapin Kulta olut 5,2% 0,5 l","price":3.29,"storeId":725782447,"__typename":"Product","approxPrice":false,"basicQuantityUnit":"KPL","comparisonPrice":6.28,"comparisonUnit":"LTR","consumerPackageSize":null,"consumerPackageUnit":null,"priceUnit":"KPL","quantityMultiplier":1,"brandName":"Hartwall","slug":"lapin-kulta-olut-5-2-0-5-l","isAgeLimitedByAlcohol":true,"frozen":false,"packagingLabels":["Avainlippu"],"packagingLabelCodes":["MADE_IN_FINLAND_FLAG_WITH_KEY"],"hierarchyPath":[{"id":"Herkku_00000818","name":"Vaalea lager olut","slug":"juomat-1/oluet/vaalea-lager-olut","__typename":"HierarchyPathItem"},{"id":"Herkku_00000135","name":"Oluet","slug":"juomat-1/oluet","__typename":"HierarchyPathItem"},{"id":"Herkku_00000005","name":"Juomat","slug":"juomat-1","__typename":"HierarchyPathItem"}],"isGlobalFallback":null,"countryName":{"fi":"Suomi","__typename":"CountryName"}},{"id":"6413600090649","ean":"6413600090649","name":"Upcider Pear Light siideri 4,7% 0,43 l","price":2.95,"storeId":725782447,"__typename":"Product","approxPrice":false,"basicQuantityUnit":"KPL","comparisonPrice":6.4,"comparisonUnit":"LTR","consumerPackageSize":null,"consumerPackageUnit":null,"priceUnit":"KPL","quantityMultiplier":1,"brandName":"Upcider","slug":"upcider-pear-light-siideri-4-7-0-43-l","isAgeLimitedByAlcohol":true,"frozen":false,"packagingLabels":["Avainlippu"],"packagingLabelCodes":["MADE_IN_FINLAND_FLAG_WITH_KEY"],"hierarchyPath":[{"id":"1591691240635058","name":"Päärynäsiiderit","slug":"juomat-1/siiderit/paarynasiiderit","__typename":"HierarchyPathItem"},{"id":"Herkku_00000133","name":"Siiderit","slug":"juomat-1/siiderit","__typename":"HierarchyPathItem"},{"id":"Herkku_00000005","name":"Juomat","slug":"juomat-1","__typename":"HierarchyPathItem"}],"isGlobalFallback":null,"countryName":{"fi":"Suomi","__typename":"CountryName"}},{"id":"6413600090663","ean":"6413600090663","name":"Upcider Wild Berry Light siideri 4,7% 0,43 l","price":2.95,"storeId":725782447,"__typename":"Product","approxPrice":false,"basicQuantityUnit":"KPL","comparisonPrice":6.4,"comparisonUnit":"LTR","consumerPackageSize":null,"consumerPackageUnit":null,"priceUnit":"KPL","quantityMultiplier":1,"brandName":"Upcider","slug":"upcider-wild-berry-light-siideri-4-7-0-43-l","isAgeLimitedByAlcohol":true,"frozen":false,"packagingLabels":["Avainlippu"],"packagingLabelCodes":["MADE_IN_FINLAND_FLAG_WITH_KEY"],"hierarchyPath":[{"id":"1591691240635063","name":"Muut siiderit","slug":"juomat-1/siiderit/muut-siiderit","__typename":"HierarchyPathItem"},{"id":"Herkku_00000133","name":"Siiderit","slug":"juomat-1/siiderit","__typename":"HierarchyPathItem"},{"id":"Herkku_00000005","name":"Juomat","slug":"juomat-1","__typename":"HierarchyPathItem"}],"isGlobalFallback":null,"countryName":{"fi":"Suomi","__typename":"CountryName"}},{"id":"6413600090694","ean":"6413600090694","name":"Upcider Extra Dry siideri 4,5% 0,43 l","price":2.95,"storeId":725782447,"__typename":"Product","approxPrice":false,"basicQuantityUnit":"KPL","comparisonPrice":6.4,"comparisonUnit":"LTR","consumerPackageSize":null,"consumerPackageUnit":null,"priceUnit":"KPL","quantityMultiplier":1,"brandName":"Upcider","slug":"upcider-extra-dry-siideri-4-5-0-43-l","isAgeLimitedByAlcohol":true,"frozen":false,"packagingLabels":["Avainlippu"],"packagingLabelCodes":["MADE_IN_FINLAND_FLAG_WITH_KEY"],"hierarchyPath":[{"id":"1591691240635057","name":"Omenasiiderit","slug":"juomat-1/siiderit/omenasiiderit","__typename":"HierarchyPathItem"},{"id":"Herkku_00000133","name":"Siiderit","slug":"juomat-1/siiderit","__typename":"HierarchyPathItem"},{"id":"Herkku_00000005","name":"Juomat","slug":"juomat-1","__typename":"HierarchyPathItem"}],"isGlobalFallback":null,"countryName":{"fi":"Suomi","__typename":"CountryName"}},{"id":"6413600091004","ean":"6413600091004","name":"Sininen beer 3,5% 0,5 l","price":2.19,"storeId":725782447,"__typename":"Product","approxPrice":false,"basicQuantityUnit":"KPL","comparisonPrice":4.08,"comparisonUnit":"LTR","consumerPackageSize":null,"consumerPackageUnit":null,"priceUnit":"KPL","quantityMultiplier":1,"brandName":"Sininen","slug":"sininen-beer-3-5-0-5-l","isAgeLimitedByAlcohol":true,"frozen":false,"packagingLabels":[],"packagingLabelCodes":[],"hierarchyPath":[{"id":"Herkku_00000818","name":"Vaalea lager olut","slug":"juomat-1/oluet/vaalea-lager-olut","__typename":"HierarchyPathItem"},{"id":"Herkku_00000135","name":"Oluet","slug":"juomat-1/oluet","__typename":"HierarchyPathItem"},{"id":"Herkku_00000005","name":"Juomat","slug":"juomat-1","__typename":"HierarchyPathItem"}],"isGlobalFallback":null,"countryName":{"fi":"Suomi","__typename":"CountryName"}},{"id":"6413600154068","ean":"6413600154068","name":"Heineken olut 5,0% 0,5 l","price":3.29,"storeId":725782447,"__typename":"Product","approxPrice":false,"basicQuantityUnit":"KPL","comparisonPrice":6.28,"comparisonUnit":"LTR","consumerPackageSize":null,"consumerPackageUnit":null,"priceUnit":"KPL","quantityMultiplier":1,"brandName":"Heineken","slug":"heineken-olut-5-0-0-5-l","isAgeLimitedByAlcohol":true,"frozen":false,"packagingLabels":[],"packagingLabelCodes":[],"hierarchyPath":[{"id":"Herkku_00000818","name":"Vaalea lager olut","slug":"juomat-1/oluet/vaalea-lager-olut","__typename":"HierarchyPathItem"},{"id":"Herkku_00000135","name":"Oluet","slug":"juomat-1/oluet","__typename":"HierarchyPathItem"},{"id":"Herkku_00000005","name":"Juomat","slug":"juomat-1","__typename":"HierarchyPathItem"}],"isGlobalFallback":null,"countryName":{"fi":"Suomi","__typename":"CountryName"}},{"id":"6413600154518","ean":"6413600154518","name":"Hartwall Original Long Drink Cranberry 5,5% 0,5 l","price":4.29,"storeId":725782447,"__typename":"Product","approxPrice":false,"basicQuantityUnit":"KPL","comparisonPrice":8.28,"comparisonUnit":"LTR","consumerPackageSize":null,"consumerPackageUnit":null,"priceUnit":"KPL","quantityMultiplier":1,"brandName":"Hartwall","slug":"hartwall-original-long-drink-cranberry-5-5-0-5-l","isAgeLimitedByAlcohol":true,"frozen":false,"packagingLabels":[],"packagingLabelCodes":[],"hierarchyPath":[{"id":"1591691240635051","name":"Maustetut lonkerot","slug":"juomat-1/lonkerot/maustetut-lonkerot","__typename":"HierarchyPathItem"},{"id":"Herkku_00000139","name":"Lonkerot","slug":"juomat-1/lonkerot","__typename":"HierarchyPathItem"},{"id":"Herkku_00000005","name":"Juomat","slug":"juomat-1","__typename":"HierarchyPathItem"}],"isGlobalFallback":null,"countryName":{"fi":"Suomi","__typename":"CountryName"}},{"id":"6413600154648","ean":"6413600154648","name":"Aura olut 5,2% 0,5 l","price":3.4499999999999997,"storeId":725782447,"__typename":"Product","approxPrice":false,"basicQuantityUnit":"KPL","comparisonPrice":6.6,"comparisonUnit":"LTR","consumerPackageSize":null,"consumerPackageUnit":null,"priceUnit":"KPL","quantityMultiplier":1,"brandName":"Hartwall","slug":"aura-olut-5-2-0-5-l","isAgeLimitedByAlcohol":true,"frozen":false,"packagingLabels":[],"packagingLabelCodes":[],"hierarchyPath":[{"id":"Herkku_00000818","name":"Vaalea lager olut","slug":"juomat-1/oluet/vaalea-lager-olut","__typename":"HierarchyPathItem"},{"id":"Herkku_00000135","name":"Oluet","slug":"juomat-1/oluet","__typename":"HierarchyPathItem"},{"id":"Herkku_00000005","name":"Juomat","slug":"juomat-1","__typename":"HierarchyPathItem"}],"isGlobalFallback":null,"countryName":{"fi":"Suomi","__typename":"CountryName"}},{"id":"6413600161493","ean":"6413600161493","name":"Aura Tumma olut 5,2% 0,5 l","price":3.4899999999999998,"storeId":725782447,"__typename":"Product","approxPrice":false,"basicQuantityUnit":"KPL","comparisonPrice":6.68,"comparisonUnit":"LTR","consumerPackageSize":null,"consumerPackageUnit":null,"priceUnit":"KPL","quantityMultiplier":1,"brandName":"Hartwall","slug":"aura-tumma-olut-5-2-0-5-l","isAgeLimitedByAlcohol":true,"frozen":false,"packagingLabels":[],"packagingLabelCodes":[],"hierarchyPath":[{"id":"Herkku_00000823","name":"Tumma lager olut","slug":"juomat-1/oluet/tumma-lager-olut","__typename":"HierarchyPathItem"},{"id":"Herkku_00000135","name":"Oluet","slug":"juomat-1/oluet","__typename":"HierarchyPathItem"},{"id":"Herkku_00000005","name":"Juomat","slug":"juomat-1","__typename":"HierarchyPathItem"}],"isGlobalFallback":null,"countryName":{"fi":"Suomi","__typename":"CountryName"}},{"id":"6413600167501","ean":"6413600167501","name":"Hartwall Original Long Drink Orange 5,5% 0,5 l","price":4.29,"storeId":725782447,"__typename":"Product","approxPrice":false,"basicQuantityUnit":"KPL","comparisonPrice":8.28,"comparisonUnit":"LTR","consumerPackageSize":null,"consumerPackageUnit":null,"priceUnit":"KPL","quantityMultiplier":1,"brandName":"Hartwall","slug":"hartwall-original-long-drink-orange-5-5-0-5-l","isAgeLimitedByAlcohol":true,"frozen":false,"packagingLabels":[],"packagingLabelCodes":[],"hierarchyPath":[{"id":"1591691240635051","name":"Maustetut lonkerot","slug":"juomat-1/lonkerot/maustetut-lonkerot","__typename":"HierarchyPathItem"},{"id":"Herkku_00000139","name":"Lonkerot","slug":"juomat-1/lonkerot","__typename":"HierarchyPathItem"},{"id":"Herkku_00000005","name":"Juomat","slug":"juomat-1","__typename":"HierarchyPathItem"}],"isGlobalFallback":null,"countryName":{"fi":"Suomi","__typename":"CountryName"}},{"id":"6413600191971","ean":"6413600191971","name":"Lapin Kulta alkoholiton olut 0,0% 0,33 l","price":1.15,"storeId":725782447,"__typename":"Product","approxPrice":false,"basicQuantityUnit":"KPL","comparisonPrice":3.03,"comparisonUnit":"LTR","consumerPackageSize":null,"consumerPackageUnit":null,"priceUnit":"KPL","quantityMultiplier":1,"brandName":"Hartwall","slug":"lapin-kulta-alkoholiton-olut-0-0-0-33-l","isAgeLimitedByAlcohol":false,"frozen":false,"packagingLabels":[],"packagingLabelCodes":[],"hierarchyPath":[{"id":"Herkku_00000818","name":"Vaalea lager olut","slug":"juomat-1/oluet/vaalea-lager-olut","__typename":"HierarchyPathItem"},{"id":"Herkku_00000135","name":"Oluet","slug":"juomat-1/oluet","__typename":"HierarchyPathItem"},{"id":"Herkku_00000005","name":"Juomat","slug":"juomat-1","__typename":"HierarchyPathItem"}],"isGlobalFallback":null,"countryName":{"fi":"Tanska","__typename":"CountryName"}},{"id":"6413600216735","ean":"6413600216735","name":"Pepsi virvoitusjuoma 1,5 l","price":3.29,"storeId":725782447,"__typename":"Product","approxPrice":false,"basicQuantityUnit":"KPL","comparisonPrice":1.93,"comparisonUnit":"LTR","consumerPackageSize":null,"consumerPackageUnit":null,"priceUnit":"KPL","quantityMultiplier":1,"brandName":"Pepsi","slug":"pepsi-virvoitusjuoma-1-5-l","isAgeLimitedByAlcohol":false,"frozen":false,"packagingLabels":[],"packagingLabelCodes":[],"hierarchyPath":[{"id":"Herkku_00000795","name":"Cola-juomat","slug":"juomat-1/virvoitusjuomat/cola-juomat","__typename":"HierarchyPathItem"},{"id":"Herkku_00000048","name":"Virvoitusjuomat","slug":"juomat-1/virvoitusjuomat","__typename":"HierarchyPathItem"},{"id":"Herkku_00000005","name":"Juomat","slug":"juomat-1","__typename":"HierarchyPathItem"}],"isGlobalFallback":null,"countryName":{"fi":"Suomi","__typename":"CountryName"}},{"id":"6413600223955","ean":"6413600223955","name":"Pepsi Max Mango virvoitusjuoma 1,5 l","price":3.09,"storeId":725782447,"__typename":"Product","approxPrice":false,"basicQuantityUnit":"KPL","comparisonPrice":1.79,"comparisonUnit":"LTR","consumerPackageSize":null,"consumerPackageUnit":null,"priceUnit":"KPL","quantityMultiplier":1,"brandName":"Pepsi MAX","slug":"pepsi-max-mango-virvoitusjuoma-1-5-l","isAgeLimitedByAlcohol":false,"frozen":false,"packagingLabels":[],"packagingLabelCodes":[],"hierarchyPath":[{"id":"Herkku_00000795","name":"Cola-juomat","slug":"juomat-1/virvoitusjuomat/cola-juomat","__typename":"HierarchyPathItem"},{"id":"Herkku_00000048","name":"Virvoitusjuomat","slug":"juomat-1/virvoitusjuomat","__typename":"HierarchyPathItem"},{"id":"Herkku_00000005","name":"Juomat","slug":"juomat-1","__typename":"HierarchyPathItem"}],"isGlobalFallback":null,"countryName":{"fi":"Suomi","__typename":"CountryName"}},{"id":"6413600224464","ean":"6413600224464","name":"Hartwall Original Long Drink Orange 0% 0,33 l","price":1.95,"storeId":725782447,"__typename":"Product","approxPrice":false,"basicQuantityUnit":"KPL","comparisonPrice":5.45,"comparisonUnit":"LTR","consumerPackageSize":null,"consumerPackageUnit":null,"priceUnit":"KPL","quantityMultiplier":1,"brandName":"Hartwall Original Long Drink","slug":"hartwall-original-long-drink-orange-0-0-33-l","isAgeLimitedByAlcohol":false,"frozen":false,"packagingLabels":[],"packagingLabelCodes":[],"hierarchyPath":[{"id":"1591691240635051","name":"Maustetut lonkerot","slug":"juomat-1/lonkerot/maustetut-lonkerot","__typename":"HierarchyPathItem"},{"id":"Herkku_00000139","name":"Lonkerot","slug":"juomat-1/lonkerot","__typename":"HierarchyPathItem"},{"id":"Herkku_00000005","name":"Juomat","slug":"juomat-1","__typename":"HierarchyPathItem"}],"isGlobalFallback":null,"countryName":{"fi":"Suomi","__typename":"CountryName"}},{"id":"6413600229513","ean":"6413600229513","name":"Hartwall Jaffa Appelsiini Sokeriton virvoitusjuoma 1,5 l","price":3.05,"storeId":725782447,"__typename":"Product","approxPrice":false,"basicQuantityUnit":"KPL","comparisonPrice":1.77,"comparisonUnit":"LTR","consumerPackageSize":null,"consumerPackageUnit":null,"priceUnit":"KPL","quantityMultiplier":1,"brandName":"Hartwall Jaffa","slug":"hartwall-jaffa-appelsiini-sokeriton-virvoitusjuoma-1-5-l","isAgeLimitedByAlcohol":false,"frozen":false,"packagingLabels":["Avainlippu"],"packagingLabelCodes":["MADE_IN_FINLAND_FLAG_WITH_KEY"],"hierarchyPath":[{"id":"Herkku_00000796","name":"Appelsiinijuomat","slug":"juomat-1/virvoitusjuomat/appelsiinijuomat","__typename":"HierarchyPathItem"},{"id":"Herkku_00000048","name":"Virvoitusjuomat","slug":"juomat-1/virvoitusjuomat","__typename":"HierarchyPathItem"},{"id":"Herkku_00000005","name":"Juomat","slug":"juomat-1","__typename":"HierarchyPathItem"}],"isGlobalFallback":null,"countryName":{"fi":"Suomi","__typename":"CountryName"}},{"id":"6413600245209","ean":"6413600245209","name":"Pommac Vuosikerta 2022 virvoitusjuoma 0,75 l","price":4.489999999999999,"storeId":725782447,"__typename":"Product","approxPrice":false,"basicQuantityUnit":"KPL","comparisonPrice":5.85,"comparisonUnit":"LTR","consumerPackageSize":null,"consumerPackageUnit":null,"priceUnit":"KPL","quantityMultiplier":1,"brandName":"Pommac","slug":"pommac-vuosikerta-2022-virvoitusjuoma-0-75-l","isAgeLimitedByAlcohol":false,"frozen":false,"packagingLabels":[],"packagingLabelCodes":[],"hierarchyPath":[{"id":"1591691224561860","name":"Kausijuomat","slug":"juomat-1/kausijuomat","__typename":"HierarchyPathItem"},{"id":"Herkku_00000005","name":"Juomat","slug":"juomat-1","__typename":"HierarchyPathItem"}],"isGlobalFallback":null,"countryName":{"fi":"Ranska","__typename":"CountryName"}},{"id":"6413600245421","ean":"6413600245421","name":"Hartwall Jaffa Jouluomena virvoitusjuoma 1,5 l","price":3.79,"storeId":725782447,"__typename":"Product","approxPrice":false,"basicQuantityUnit":"KPL","comparisonPrice":2.26,"comparisonUnit":"LTR","consumerPackageSize":null,"consumerPackageUnit":null,"priceUnit":"KPL","quantityMultiplier":1,"brandName":"Hartwall Jaffa","slug":"hartwall-jaffa-jouluomena-virvoitusjuoma-1-5-l","isAgeLimitedByAlcohol":false,"frozen":false,"packagingLabels":["Avainlippu"],"packagingLabelCodes":["MADE_IN_FINLAND_FLAG_WITH_KEY"],"hierarchyPath":[{"id":"1591691224561860","name":"Kausijuomat","slug":"juomat-1/kausijuomat","__typename":"HierarchyPathItem"},{"id":"Herkku_00000005","name":"Juomat","slug":"juomat-1","__typename":"HierarchyPathItem"}],"isGlobalFallback":null,"countryName":{"fi":"Suomi","__typename":"CountryName"}},{"id":"6413600245919","ean":"6413600245919","name":"Hartwall Original Long Drink Blueberry 5,5% 0,33 l","price":2.79,"storeId":725782447,"__typename":"Product","approxPrice":false,"basicQuantityUnit":"KPL","comparisonPrice":8,"comparisonUnit":"LTR","consumerPackageSize":null,"consumerPackageUnit":null,"priceUnit":"KPL","quantityMultiplier":1,"brandName":"Hartwall Original Long Drink","slug":"hartwall-original-long-drink-blueberry-5-5-0-33-l","isAgeLimitedByAlcohol":true,"frozen":false,"packagingLabels":[],"packagingLabelCodes":[],"hierarchyPath":[{"id":"1591691240635051","name":"Maustetut lonkerot","slug":"juomat-1/lonkerot/maustetut-lonkerot","__typename":"HierarchyPathItem"},{"id":"Herkku_00000139","name":"Lonkerot","slug":"juomat-1/lonkerot","__typename":"HierarchyPathItem"},{"id":"Herkku_00000005","name":"Juomat","slug":"juomat-1","__typename":"HierarchyPathItem"}],"isGlobalFallback":null,"countryName":{"fi":"Suomi","__typename":"CountryName"}},{"id":"6413600245940","ean":"6413600245940","name":"Lahden Erikois Jouluolut 5,3% 0,5 l","price":3.39,"storeId":725782447,"__typename":"Product","approxPrice":false,"basicQuantityUnit":"KPL","comparisonPrice":6.48,"comparisonUnit":"LTR","consumerPackageSize":null,"consumerPackageUnit":null,"priceUnit":"KPL","quantityMultiplier":1,"brandName":"Lahden Erikois","slug":"lahden-erikois-jouluolut-5-3-0-5-l","isAgeLimitedByAlcohol":true,"frozen":false,"packagingLabels":["Avainlippu"],"packagingLabelCodes":["MADE_IN_FINLAND_FLAG_WITH_KEY"],"hierarchyPath":[{"id":"Herkku_00000816","name":"Muut oluet","slug":"juomat-1/oluet/muut-oluet","__typename":"HierarchyPathItem"},{"id":"Herkku_00000135","name":"Oluet","slug":"juomat-1/oluet","__typename":"HierarchyPathItem"},{"id":"Herkku_00000005","name":"Juomat","slug":"juomat-1","__typename":"HierarchyPathItem"}],"isGlobalFallback":null,"countryName":{"fi":"Suomi","__typename":"CountryName"}},{"id":"6413605004900","ean":"6413605004900","name":"6 x Foster's olut 4,5% 0,44 l","price":12.9,"storeId":725782447,"__typename":"Product","approxPrice":false,"basicQuantityUnit":"KPL","comparisonPrice":4.55,"comparisonUnit":"LTR","consumerPackageSize":null,"consumerPackageUnit":null,"priceUnit":"KPL","quantityMultiplier":1,"brandName":"Hartwall","slug":"6-x-fosters-olut-4-5-0-44-l","isAgeLimitedByAlcohol":true,"frozen":false,"packagingLabels":[],"packagingLabelCodes":[],"hierarchyPath":[{"id":"Herkku_00000818","name":"Vaalea lager olut","slug":"juomat-1/oluet/vaalea-lager-olut","__typename":"HierarchyPathItem"},{"id":"Herkku_00000135","name":"Oluet","slug":"juomat-1/oluet","__typename":"HierarchyPathItem"},{"id":"Herkku_00000005","name":"Juomat","slug":"juomat-1","__typename":"HierarchyPathItem"}],"isGlobalFallback":null,"countryName":{"fi":"Suomi","__typename":"CountryName"}},{"id":"6413605008014","ean":"6413605008014","name":"6 x Upcider Dry Apple siideri 4,7% 0,33 l","price":12,"storeId":725782447,"__typename":"Product","approxPrice":false,"basicQuantityUnit":"KPL","comparisonPrice":5.61,"comparisonUnit":"LTR","consumerPackageSize":null,"consumerPackageUnit":null,"priceUnit":"KPL","quantityMultiplier":1,"brandName":"Upcider","slug":"6-x-upcider-dry-apple-siideri-4-7-0-33-l","isAgeLimitedByAlcohol":true,"frozen":false,"packagingLabels":[],"packagingLabelCodes":[],"hierarchyPath":[{"id":"1591691240635057","name":"Omenasiiderit","slug":"juomat-1/siiderit/omenasiiderit","__typename":"HierarchyPathItem"},{"id":"Herkku_00000133","name":"Siiderit","slug":"juomat-1/siiderit","__typename":"HierarchyPathItem"},{"id":"Herkku_00000005","name":"Juomat","slug":"juomat-1","__typename":"HierarchyPathItem"}],"isGlobalFallback":null,"countryName":{"fi":"Suomi","__typename":"CountryName"}},{"id":"6413605015555","ean":"6413605015555","name":"6 x Pepsi Max virvoitusjuoma 0,33 l","price":4.29,"storeId":725782447,"__typename":"Product","approxPrice":false,"basicQuantityUnit":"KPL","comparisonPrice":1.71,"comparisonUnit":"LTR","consumerPackageSize":null,"consumerPackageUnit":null,"priceUnit":"KPL","quantityMultiplier":1,"brandName":"Hartwall","slug":"6-x-pepsi-max-virvoitusjuoma-0-33-l","isAgeLimitedByAlcohol":false,"frozen":false,"packagingLabels":[],"packagingLabelCodes":[],"hierarchyPath":[{"id":"Herkku_00000795","name":"Cola-juomat","slug":"juomat-1/virvoitusjuomat/cola-juomat","__typename":"HierarchyPathItem"},{"id":"Herkku_00000048","name":"Virvoitusjuomat","slug":"juomat-1/virvoitusjuomat","__typename":"HierarchyPathItem"},{"id":"Herkku_00000005","name":"Juomat","slug":"juomat-1","__typename":"HierarchyPathItem"}],"isGlobalFallback":null,"countryName":{"fi":"Suomi","__typename":"CountryName"}},{"id":"6413605154391","ean":"6413605154391","name":"6 x Hartwall Original Long Drink White Label Grapefruit 5,5% 0,33 l","price":16.74,"storeId":725782447,"__typename":"Product","approxPrice":false,"basicQuantityUnit":"KPL","comparisonPrice":8,"comparisonUnit":"LTR","consumerPackageSize":null,"consumerPackageUnit":null,"priceUnit":"KPL","quantityMultiplier":1,"brandName":"Hartwall","slug":"6-x-hartwall-original-long-drink-white-label-grapefruit-5-5-0-33-l","isAgeLimitedByAlcohol":true,"frozen":false,"packagingLabels":[],"packagingLabelCodes":[],"hierarchyPath":[{"id":"1591691240635050","name":"Greippilonkerot","slug":"juomat-1/lonkerot/greippilonkerot","__typename":"HierarchyPathItem"},{"id":"Herkku_00000139","name":"Lonkerot","slug":"juomat-1/lonkerot","__typename":"HierarchyPathItem"},{"id":"Herkku_00000005","name":"Juomat","slug":"juomat-1","__typename":"HierarchyPathItem"}],"isGlobalFallback":null,"countryName":{"fi":"Suomi","__typename":"CountryName"}},{"id":"6413605154445","ean":"6413605154445","name":"6 x Lapin Kulta olut 5,2% 0,33 l","price":10.8,"storeId":725782447,"__typename":"Product","approxPrice":false,"basicQuantityUnit":"KPL","comparisonPrice":5,"comparisonUnit":"LTR","consumerPackageSize":null,"consumerPackageUnit":null,"priceUnit":"KPL","quantityMultiplier":1,"brandName":"Hartwall","slug":"6-x-lapin-kulta-olut-5-2-0-33-l","isAgeLimitedByAlcohol":true,"frozen":false,"packagingLabels":[],"packagingLabelCodes":[],"hierarchyPath":[{"id":"Herkku_00000818","name":"Vaalea lager olut","slug":"juomat-1/oluet/vaalea-lager-olut","__typename":"HierarchyPathItem"},{"id":"Herkku_00000135","name":"Oluet","slug":"juomat-1/oluet","__typename":"HierarchyPathItem"},{"id":"Herkku_00000005","name":"Juomat","slug":"juomat-1","__typename":"HierarchyPathItem"}],"isGlobalFallback":null,"countryName":{"fi":"Suomi","__typename":"CountryName"}},{"id":"6413605191600","ean":"6413605191600","name":"6 x Mountain Dew No Sugar virvoitusjuoma 0,33 l","price":5.99,"storeId":725782447,"__typename":"Product","approxPrice":false,"basicQuantityUnit":"KPL","comparisonPrice":2.57,"comparisonUnit":"LTR","consumerPackageSize":null,"consumerPackageUnit":null,"priceUnit":"KPL","quantityMultiplier":1,"brandName":"Mountain Dew","slug":"6-x-mountain-dew-no-sugar-virvoitusjuoma-0-33-l","isAgeLimitedByAlcohol":false,"frozen":false,"packagingLabels":[],"packagingLabelCodes":[],"hierarchyPath":[{"id":"Herkku_00000792","name":"Sitrusjuomat","slug":"juomat-1/virvoitusjuomat/sitrusjuomat","__typename":"HierarchyPathItem"},{"id":"Herkku_00000048","name":"Virvoitusjuomat","slug":"juomat-1/virvoitusjuomat","__typename":"HierarchyPathItem"},{"id":"Herkku_00000005","name":"Juomat","slug":"juomat-1","__typename":"HierarchyPathItem"}],"isGlobalFallback":null,"countryName":{"fi":"Suomi","__typename":"CountryName"}},{"id":"6413605191983","ean":"6413605191983","name":"6 x Lapin Kulta alkoholiton olut 0,0% 0,33 l","price":6.300000000000001,"storeId":725782447,"__typename":"Product","approxPrice":false,"basicQuantityUnit":"KPL","comparisonPrice":2.73,"comparisonUnit":"LTR","consumerPackageSize":null,"consumerPackageUnit":null,"priceUnit":"KPL","quantityMultiplier":1,"brandName":"Hartwall","slug":"6-x-lapin-kulta-alkoholiton-olut-0-0-0-33-l","isAgeLimitedByAlcohol":false,"frozen":false,"packagingLabels":[],"packagingLabelCodes":[],"hierarchyPath":[{"id":"Herkku_00000818","name":"Vaalea lager olut","slug":"juomat-1/oluet/vaalea-lager-olut","__typename":"HierarchyPathItem"},{"id":"Herkku_00000135","name":"Oluet","slug":"juomat-1/oluet","__typename":"HierarchyPathItem"},{"id":"Herkku_00000005","name":"Juomat","slug":"juomat-1","__typename":"HierarchyPathItem"}],"isGlobalFallback":null,"countryName":{"fi":"Tanska","__typename":"CountryName"}},{"id":"6413605207202","ean":"6413605207202","name":"6 x Pepsi Max Caffeine-Free virvoitusjuoma 0,33 l","price":4.29,"storeId":725782447,"__typename":"Product","approxPrice":false,"basicQuantityUnit":"KPL","comparisonPrice":1.71,"comparisonUnit":"LTR","consumerPackageSize":null,"consumerPackageUnit":null,"priceUnit":"KPL","quantityMultiplier":1,"brandName":"Hartwall","slug":"6-x-pepsi-max-caffeine-free-virvoitusjuoma-0-33-l","isAgeLimitedByAlcohol":false,"frozen":false,"packagingLabels":[],"packagingLabelCodes":[],"hierarchyPath":[{"id":"Herkku_00000795","name":"Cola-juomat","slug":"juomat-1/virvoitusjuomat/cola-juomat","__typename":"HierarchyPathItem"},{"id":"Herkku_00000048","name":"Virvoitusjuomat","slug":"juomat-1/virvoitusjuomat","__typename":"HierarchyPathItem"},{"id":"Herkku_00000005","name":"Juomat","slug":"juomat-1","__typename":"HierarchyPathItem"}],"isGlobalFallback":null,"countryName":{"fi":"Suomi","__typename":"CountryName"}},{"id":"6414000001754","ean":"6414000001754","name":"Dansukker Sirkku Palasokeri 750g","price":1.55,"storeId":725782447,"__typename":"Product","approxPrice":false,"basicQuantityUnit":"KPL","comparisonPrice":2.07,"comparisonUnit":"KGM","consumerPackageSize":null,"consumerPackageUnit":null,"priceUnit":"KPL","quantityMultiplier":1,"brandName":"Dansukker","slug":"dansukker-sirkku-palasokeri-750g","isAgeLimitedByAlcohol":false,"frozen":false,"packagingLabels":[],"packagingLabelCodes":[],"hierarchyPath":[{"id":"Herkku_00000449","name":"Sokerit","slug":"kuivatuotteet-ja-leivonta-1/sokerit-makeutusaineet-ja-hunaja/sokerit","__typename":"HierarchyPathItem"},{"id":"Herkku_00000084","name":"Sokerit, makeutusaineet ja hunaja","slug":"kuivatuotteet-ja-leivonta-1/sokerit-makeutusaineet-ja-hunaja","__typename":"HierarchyPathItem"},{"id":"Herkku_00000007","name":"Kuivatuotteet ja leivonta","slug":"kuivatuotteet-ja-leivonta-1","__typename":"HierarchyPathItem"}],"isGlobalFallback":null,"countryName":{"fi":"Suomi","__typename":"CountryName"}},{"id":"6414000001785","ean":"6414000001785","name":"Dansukker Pikku-Sirkku Palasokeri 500g","price":1.39,"storeId":725782447,"__typename":"Product","approxPrice":false,"basicQuantityUnit":"KPL","comparisonPrice":2.78,"comparisonUnit":"KGM","consumerPackageSize":null,"consumerPackageUnit":null,"priceUnit":"KPL","quantityMultiplier":1,"brandName":"Dansukker","slug":"dansukker-pikku-sirkku-palasokeri-500g","isAgeLimitedByAlcohol":false,"frozen":false,"packagingLabels":[],"packagingLabelCodes":[],"hierarchyPath":[{"id":"Herkku_00000449","name":"Sokerit","slug":"kuivatuotteet-ja-leivonta-1/sokerit-makeutusaineet-ja-hunaja/sokerit","__typename":"HierarchyPathItem"},{"id":"Herkku_00000084","name":"Sokerit, makeutusaineet ja hunaja","slug":"kuivatuotteet-ja-leivonta-1/sokerit-makeutusaineet-ja-hunaja","__typename":"HierarchyPathItem"},{"id":"Herkku_00000007","name":"Kuivatuotteet ja leivonta","slug":"kuivatuotteet-ja-leivonta-1","__typename":"HierarchyPathItem"}],"isGlobalFallback":null,"countryName":{"fi":"Suomi","__typename":"CountryName"}},{"id":"6414000002751","ean":"6414000002751","name":"Dansukker Pulmu Palasokeri 750g","price":1.55,"storeId":725782447,"__typename":"Product","approxPrice":false,"basicQuantityUnit":"KPL","comparisonPrice":2.07,"comparisonUnit":"KGM","consumerPackageSize":null,"consumerPackageUnit":null,"priceUnit":"KPL","quantityMultiplier":1,"brandName":"Dansukker","slug":"dansukker-pulmu-palasokeri-750g","isAgeLimitedByAlcohol":false,"frozen":false,"packagingLabels":[],"packagingLabelCodes":[],"hierarchyPath":[{"id":"Herkku_00000449","name":"Sokerit","slug":"kuivatuotteet-ja-leivonta-1/sokerit-makeutusaineet-ja-hunaja/sokerit","__typename":"HierarchyPathItem"},{"id":"Herkku_00000084","name":"Sokerit, makeutusaineet ja hunaja","slug":"kuivatuotteet-ja-leivonta-1/sokerit-makeutusaineet-ja-hunaja","__typename":"HierarchyPathItem"},{"id":"Herkku_00000007","name":"Kuivatuotteet ja leivonta","slug":"kuivatuotteet-ja-leivonta-1","__typename":"HierarchyPathItem"}],"isGlobalFallback":null,"countryName":{"fi":"Suomi","__typename":"CountryName"}},{"id":"6414000020021","ean":"6414000020021","name":"Dansukker Siro Erikoishieno Sokeri 1kg","price":1.69,"storeId":725782447,"__typename":"Product","approxPrice":false,"basicQuantityUnit":"KPL","comparisonPrice":1.69,"comparisonUnit":"KGM","consumerPackageSize":null,"consumerPackageUnit":null,"priceUnit":"KPL","quantityMultiplier":1,"brandName":"Dansukker","slug":"dansukker-siro-erikoishieno-sokeri-1kg","isAgeLimitedByAlcohol":false,"frozen":false,"packagingLabels":[],"packagingLabelCodes":[],"hierarchyPath":[{"id":"Herkku_00000449","name":"Sokerit","slug":"kuivatuotteet-ja-leivonta-1/sokerit-makeutusaineet-ja-hunaja/sokerit","__typename":"HierarchyPathItem"},{"id":"Herkku_00000084","name":"Sokerit, makeutusaineet ja hunaja","slug":"kuivatuotteet-ja-leivonta-1/sokerit-makeutusaineet-ja-hunaja","__typename":"HierarchyPathItem"},{"id":"Herkku_00000007","name":"Kuivatuotteet ja leivonta","slug":"kuivatuotteet-ja-leivonta-1","__typename":"HierarchyPathItem"}],"isGlobalFallback":null,"countryName":{"fi":"Suomi","__typename":"CountryName"}},{"id":"6414000023060","ean":"6414000023060","name":"Dansukker Suomalainen Hillosokeri 1kg","price":2.09,"storeId":725782447,"__typename":"Product","approxPrice":false,"basicQuantityUnit":"KPL","comparisonPrice":2.09,"comparisonUnit":"KGM","consumerPackageSize":null,"consumerPackageUnit":null,"priceUnit":"KPL","quantityMultiplier":1,"brandName":"Dansukker","slug":"dansukker-suomalainen-hillosokeri-1kg","isAgeLimitedByAlcohol":false,"frozen":false,"packagingLabels":["Avainlippu"," Hyvää Suomesta (Sininen Joutsen)"],"packagingLabelCodes":["GOODS_FROM_FINLAND_BLUE_SWAN"," MADE_IN_FINLAND_FLAG_WITH_KEY"],"hierarchyPath":[{"id":"Herkku_00000449","name":"Sokerit","slug":"kuivatuotteet-ja-leivonta-1/sokerit-makeutusaineet-ja-hunaja/sokerit","__typename":"HierarchyPathItem"},{"id":"Herkku_00000084","name":"Sokerit, makeutusaineet ja hunaja","slug":"kuivatuotteet-ja-leivonta-1/sokerit-makeutusaineet-ja-hunaja","__typename":"HierarchyPathItem"},{"id":"Herkku_00000007","name":"Kuivatuotteet ja leivonta","slug":"kuivatuotteet-ja-leivonta-1","__typename":"HierarchyPathItem"}],"isGlobalFallback":null,"countryName":{"fi":"Suomi","__typename":"CountryName"}},{"id":"6414000042016","ean":"6414000042016","name":"Dansukker Rapea Raesokeri 500g","price":1.25,"storeId":725782447,"__typename":"Product","approxPrice":false,"basicQuantityUnit":"KPL","comparisonPrice":2.5,"comparisonUnit":"KGM","consumerPackageSize":null,"consumerPackageUnit":null,"priceUnit":"KPL","quantityMultiplier":1,"brandName":"Dansukker","slug":"dansukker-rapea-raesokeri-500g","isAgeLimitedByAlcohol":false,"frozen":false,"packagingLabels":[],"packagingLabelCodes":[],"hierarchyPath":[{"id":"Herkku_00000449","name":"Sokerit","slug":"kuivatuotteet-ja-leivonta-1/sokerit-makeutusaineet-ja-hunaja/sokerit","__typename":"HierarchyPathItem"},{"id":"Herkku_00000084","name":"Sokerit, makeutusaineet ja hunaja","slug":"kuivatuotteet-ja-leivonta-1/sokerit-makeutusaineet-ja-hunaja","__typename":"HierarchyPathItem"},{"id":"Herkku_00000007","name":"Kuivatuotteet ja leivonta","slug":"kuivatuotteet-ja-leivonta-1","__typename":"HierarchyPathItem"}],"isGlobalFallback":null,"countryName":{"fi":"Suomi","__typename":"CountryName"}},{"id":"6414000043051","ean":"6414000043051","name":"Dansukker Fariinisokeri 500g","price":1.69,"storeId":725782447,"__typename":"Product","approxPrice":false,"basicQuantityUnit":"KPL","comparisonPrice":3.38,"comparisonUnit":"KGM","consumerPackageSize":null,"consumerPackageUnit":null,"priceUnit":"KPL","quantityMultiplier":1,"brandName":"Dansukker","slug":"dansukker-fariinisokeri-500g","isAgeLimitedByAlcohol":false,"frozen":false,"packagingLabels":[],"packagingLabelCodes":[],"hierarchyPath":[{"id":"Herkku_00000449","name":"Sokerit","slug":"kuivatuotteet-ja-leivonta-1/sokerit-makeutusaineet-ja-hunaja/sokerit","__typename":"HierarchyPathItem"},{"id":"Herkku_00000084","name":"Sokerit, makeutusaineet ja hunaja","slug":"kuivatuotteet-ja-leivonta-1/sokerit-makeutusaineet-ja-hunaja","__typename":"HierarchyPathItem"},{"id":"Herkku_00000007","name":"Kuivatuotteet ja leivonta","slug":"kuivatuotteet-ja-leivonta-1","__typename":"HierarchyPathItem"}],"isGlobalFallback":null,"countryName":{"fi":"Tanska","__typename":"CountryName"}},{"id":"6414000730517","ean":"6414000730517","name":"Dansukker Tumma Siirappi 1kg","price":2.25,"storeId":725782447,"__typename":"Product","approxPrice":false,"basicQuantityUnit":"KPL","comparisonPrice":2.25,"comparisonUnit":"KGM","consumerPackageSize":null,"consumerPackageUnit":null,"priceUnit":"KPL","quantityMultiplier":1,"brandName":"Dansukker","slug":"dansukker-tumma-siirappi-1kg","isAgeLimitedByAlcohol":false,"frozen":false,"packagingLabels":["Avainlippu"],"packagingLabelCodes":["MADE_IN_FINLAND_FLAG_WITH_KEY"],"hierarchyPath":[{"id":"Herkku_00000451","name":"Siirapit","slug":"kuivatuotteet-ja-leivonta-1/sokerit-makeutusaineet-ja-hunaja/siirapit","__typename":"HierarchyPathItem"},{"id":"Herkku_00000084","name":"Sokerit, makeutusaineet ja hunaja","slug":"kuivatuotteet-ja-leivonta-1/sokerit-makeutusaineet-ja-hunaja","__typename":"HierarchyPathItem"},{"id":"Herkku_00000007","name":"Kuivatuotteet ja leivonta","slug":"kuivatuotteet-ja-leivonta-1","__typename":"HierarchyPathItem"}],"isGlobalFallback":null,"countryName":{"fi":"Suomi","__typename":"CountryName"}},{"id":"6414100896106","ean":"6414100896106","name":"Vuokkoset Normal Wings ohutside 12 kpl","price":2.45,"storeId":725782447,"__typename":"Product","approxPrice":false,"basicQuantityUnit":"KPL","comparisonPrice":0.2,"comparisonUnit":"PCE","consumerPackageSize":null,"consumerPackageUnit":null,"priceUnit":"KPL","quantityMultiplier":1,"brandName":"Vuokkoset","slug":"vuokkoset-normal-wings-ohutside-12-kpl","isAgeLimitedByAlcohol":false,"frozen":false,"packagingLabels":["Allergia- ja astmaliiton merkki"," Avainlippu"," Beverage cups made from single-use plastic."," Pohjoismainen ympäristömerkki (Joutsen)"],"packagingLabelCodes":["LABEL_OF_THE_ALLERGY_AND_ASTHMA_FEDERATION"," MADE_IN_FINLAND_FLAG_WITH_KEY"," MADE_OF_PLASTIC_BEVERAGE_CUPS"," SVANEN"],"hierarchyPath":[{"id":"1591691233571265","name":"Siteet","slug":"kosmetiikka-ja-hygienia/intiimihygienia-ja-intiimituotteet/siteet","__typename":"HierarchyPathItem"},{"id":"1591691233571247","name":"Intiimihygienia ja intiimituotteet","slug":"kosmetiikka-ja-hygienia/intiimihygienia-ja-intiimituotteet","__typename":"HierarchyPathItem"},{"id":"1591691233334707","name":"Kosmetiikka ja hygienia","slug":"kosmetiikka-ja-hygienia","__typename":"HierarchyPathItem"}],"isGlobalFallback":null,"countryName":{"fi":"Suomi","__typename":"CountryName"}},{"id":"6414200125205","ean":"6414200125205","name":"Meira Fenkoli kokonainen 25g","price":1.15,"storeId":725782447,"__typename":"Product","approxPrice":false,"basicQuantityUnit":"KPL","comparisonPrice":46,"comparisonUnit":"KGM","consumerPackageSize":null,"consumerPackageUnit":null,"priceUnit":"KPL","quantityMultiplier":1,"brandName":"Meira","slug":"meira-fenkoli-kokonainen-25g","isAgeLimitedByAlcohol":false,"frozen":false,"packagingLabels":[],"packagingLabelCodes":[],"hierarchyPath":[{"id":"Herkku_00000414","name":"Leivontamausteet","slug":"oljyt-mausteet-maustaminen-1/mausteet/leivontamausteet","__typename":"HierarchyPathItem"},{"id":"Herkku_00000075","name":"Mausteet","slug":"oljyt-mausteet-maustaminen-1/mausteet","__typename":"HierarchyPathItem"},{"id":"Herkku_00000011","name":"Öljyt, mausteet, maustaminen","slug":"oljyt-mausteet-maustaminen-1","__typename":"HierarchyPathItem"}],"isGlobalFallback":null,"countryName":{"fi":"Egypti","__typename":"CountryName"}},{"id":"6414200126202","ean":"6414200126202","name":"Meira Oregano 5g","price":0.65,"storeId":725782447,"__typename":"Product","approxPrice":false,"basicQuantityUnit":"KPL","comparisonPrice":130,"comparisonUnit":"KGM","consumerPackageSize":null,"consumerPackageUnit":null,"priceUnit":"KPL","quantityMultiplier":1,"brandName":"Meira","slug":"meira-oregano-5g","isAgeLimitedByAlcohol":false,"frozen":false,"packagingLabels":[],"packagingLabelCodes":[],"hierarchyPath":[{"id":"Herkku_00000413","name":"Yrttimausteet","slug":"oljyt-mausteet-maustaminen-1/mausteet/yrttimausteet","__typename":"HierarchyPathItem"},{"id":"Herkku_00000075","name":"Mausteet","slug":"oljyt-mausteet-maustaminen-1/mausteet","__typename":"HierarchyPathItem"},{"id":"Herkku_00000011","name":"Öljyt, mausteet, maustaminen","slug":"oljyt-mausteet-maustaminen-1","__typename":"HierarchyPathItem"}],"isGlobalFallback":null,"countryName":null},{"id":"6414200135358","ean":"6414200135358","name":"Meira Kaneli jauhettu 85g","price":1.95,"storeId":725782447,"__typename":"Product","approxPrice":false,"basicQuantityUnit":"KPL","comparisonPrice":22.94,"comparisonUnit":"KGM","consumerPackageSize":null,"consumerPackageUnit":null,"priceUnit":"KPL","quantityMultiplier":1,"brandName":"Meira","slug":"meira-kaneli-jauhettu-85g","isAgeLimitedByAlcohol":false,"frozen":false,"packagingLabels":[],"packagingLabelCodes":[],"hierarchyPath":[{"id":"Herkku_00000414","name":"Leivontamausteet","slug":"oljyt-mausteet-maustaminen-1/mausteet/leivontamausteet","__typename":"HierarchyPathItem"},{"id":"Herkku_00000075","name":"Mausteet","slug":"oljyt-mausteet-maustaminen-1/mausteet","__typename":"HierarchyPathItem"},{"id":"Herkku_00000011","name":"Öljyt, mausteet, maustaminen","slug":"oljyt-mausteet-maustaminen-1","__typename":"HierarchyPathItem"}],"isGlobalFallback":null,"countryName":{"fi":"Indonesia","__typename":"CountryName"}},{"id":"6414200136355","ean":"6414200136355","name":"Meira Kaneli jauhettu 27g","price":0.89,"storeId":725782447,"__typename":"Product","approxPrice":false,"basicQuantityUnit":"KPL","comparisonPrice":32.96,"comparisonUnit":"KGM","consumerPackageSize":null,"consumerPackageUnit":null,"priceUnit":"KPL","quantityMultiplier":1,"brandName":"Meira","slug":"meira-kaneli-jauhettu-27g","isAgeLimitedByAlcohol":false,"frozen":false,"packagingLabels":[],"packagingLabelCodes":[],"hierarchyPath":[{"id":"Herkku_00000414","name":"Leivontamausteet","slug":"oljyt-mausteet-maustaminen-1/mausteet/leivontamausteet","__typename":"HierarchyPathItem"},{"id":"Herkku_00000075","name":"Mausteet","slug":"oljyt-mausteet-maustaminen-1/mausteet","__typename":"HierarchyPathItem"},{"id":"Herkku_00000011","name":"Öljyt, mausteet, maustaminen","slug":"oljyt-mausteet-maustaminen-1","__typename":"HierarchyPathItem"}],"isGlobalFallback":null,"countryName":{"fi":"Indonesia","__typename":"CountryName"}},{"id":"6414200136959","ean":"6414200136959","name":"Meira Paprika jauhettu 24g","price":0.75,"storeId":725782447,"__typename":"Product","approxPrice":false,"basicQuantityUnit":"KPL","comparisonPrice":31.25,"comparisonUnit":"KGM","consumerPackageSize":null,"consumerPackageUnit":null,"priceUnit":"KPL","quantityMultiplier":1,"brandName":"Meira","slug":"meira-paprika-jauhettu-24g","isAgeLimitedByAlcohol":false,"frozen":false,"packagingLabels":[],"packagingLabelCodes":[],"hierarchyPath":[{"id":"Herkku_00000204","name":"Paprikat","slug":"oljyt-mausteet-maustaminen-1/mausteet/paprikat","__typename":"HierarchyPathItem"},{"id":"Herkku_00000075","name":"Mausteet","slug":"oljyt-mausteet-maustaminen-1/mausteet","__typename":"HierarchyPathItem"},{"id":"Herkku_00000011","name":"Öljyt, mausteet, maustaminen","slug":"oljyt-mausteet-maustaminen-1","__typename":"HierarchyPathItem"}],"isGlobalFallback":null,"countryName":{"fi":"Kiina","__typename":"CountryName"}},{"id":"6414200136973","ean":"6414200136973","name":"Meira Piparkakkumauste 24g","price":1.05,"storeId":725782447,"__typename":"Product","approxPrice":false,"basicQuantityUnit":"KPL","comparisonPrice":43.75,"comparisonUnit":"KGM","consumerPackageSize":null,"consumerPackageUnit":null,"priceUnit":"KPL","quantityMultiplier":1,"brandName":"Meira","slug":"meira-piparkakkumauste-24g","isAgeLimitedByAlcohol":false,"frozen":false,"packagingLabels":["Avainlippu"],"packagingLabelCodes":["MADE_IN_FINLAND_FLAG_WITH_KEY"],"hierarchyPath":[{"id":"Herkku_00000414","name":"Leivontamausteet","slug":"oljyt-mausteet-maustaminen-1/mausteet/leivontamausteet","__typename":"HierarchyPathItem"},{"id":"Herkku_00000075","name":"Mausteet","slug":"oljyt-mausteet-maustaminen-1/mausteet","__typename":"HierarchyPathItem"},{"id":"Herkku_00000011","name":"Öljyt, mausteet, maustaminen","slug":"oljyt-mausteet-maustaminen-1","__typename":"HierarchyPathItem"}],"isGlobalFallback":null,"countryName":{"fi":"Suomi","__typename":"CountryName"}},{"id":"6414200137017","ean":"6414200137017","name":"Meira Valkopippuri jauhettu 31g","price":1.75,"storeId":725782447,"__typename":"Product","approxPrice":false,"basicQuantityUnit":"KPL","comparisonPrice":56.45,"comparisonUnit":"KGM","consumerPackageSize":null,"consumerPackageUnit":null,"priceUnit":"KPL","quantityMultiplier":1,"brandName":"Meira","slug":"meira-valkopippuri-jauhettu-31g","isAgeLimitedByAlcohol":false,"frozen":false,"packagingLabels":[],"packagingLabelCodes":[],"hierarchyPath":[{"id":"Herkku_00000412","name":"Pippurit","slug":"oljyt-mausteet-maustaminen-1/mausteet/pippurit","__typename":"HierarchyPathItem"},{"id":"Herkku_00000075","name":"Mausteet","slug":"oljyt-mausteet-maustaminen-1/mausteet","__typename":"HierarchyPathItem"},{"id":"Herkku_00000011","name":"Öljyt, mausteet, maustaminen","slug":"oljyt-mausteet-maustaminen-1","__typename":"HierarchyPathItem"}],"isGlobalFallback":null,"countryName":{"fi":"Vietnam","__typename":"CountryName"}},{"id":"6414200137109","ean":"6414200137109","name":"Meira Valkosipulijauhe 40g","price":1.45,"storeId":725782447,"__typename":"Product","approxPrice":false,"basicQuantityUnit":"KPL","comparisonPrice":36.25,"comparisonUnit":"KGM","consumerPackageSize":null,"consumerPackageUnit":null,"priceUnit":"KPL","quantityMultiplier":1,"brandName":"Meira","slug":"meira-valkosipulijauhe-40g","isAgeLimitedByAlcohol":false,"frozen":false,"packagingLabels":[],"packagingLabelCodes":[],"hierarchyPath":[{"id":"Herkku_00000419","name":"Mausteseokset","slug":"oljyt-mausteet-maustaminen-1/mausteet/mausteseokset","__typename":"HierarchyPathItem"},{"id":"Herkku_00000075","name":"Mausteet","slug":"oljyt-mausteet-maustaminen-1/mausteet","__typename":"HierarchyPathItem"},{"id":"Herkku_00000011","name":"Öljyt, mausteet, maustaminen","slug":"oljyt-mausteet-maustaminen-1","__typename":"HierarchyPathItem"}],"isGlobalFallback":null,"countryName":{"fi":"Kiina","__typename":"CountryName"}},{"id":"6414200210017","ean":"6414200210017","name":"Meira Leivinjauhe 100g","price":1.05,"storeId":725782447,"__typename":"Product","approxPrice":false,"basicQuantityUnit":"KPL","comparisonPrice":10.5,"comparisonUnit":"KGM","consumerPackageSize":null,"consumerPackageUnit":null,"priceUnit":"KPL","quantityMultiplier":1,"brandName":"Meira","slug":"meira-leivinjauhe-100g","isAgeLimitedByAlcohol":false,"frozen":false,"packagingLabels":["Avainlippu"],"packagingLabelCodes":["MADE_IN_FINLAND_FLAG_WITH_KEY"],"hierarchyPath":[{"id":"Herkku_00000407","name":"Leivontaperustuotteet","slug":"kuivatuotteet-ja-leivonta-1/leivontatarvikkeet/leivontaperustuotteet","__typename":"HierarchyPathItem"},{"id":"Herkku_00000072","name":"Leivontatarvikkeet","slug":"kuivatuotteet-ja-leivonta-1/leivontatarvikkeet","__typename":"HierarchyPathItem"},{"id":"Herkku_00000007","name":"Kuivatuotteet ja leivonta","slug":"kuivatuotteet-ja-leivonta-1","__typename":"HierarchyPathItem"}],"isGlobalFallback":null,"countryName":{"fi":"Suomi","__typename":"CountryName"}},{"id":"6414200230022","ean":"6414200230022","name":"Meira Ruokasooda 125g","price":0.95,"storeId":725782447,"__typename":"Product","approxPrice":false,"basicQuantityUnit":"KPL","comparisonPrice":7.6,"comparisonUnit":"KGM","consumerPackageSize":null,"consumerPackageUnit":null,"priceUnit":"KPL","quantityMultiplier":1,"brandName":"Meira","slug":"meira-ruokasooda-125g","isAgeLimitedByAlcohol":false,"frozen":false,"packagingLabels":[],"packagingLabelCodes":[],"hierarchyPath":[{"id":"Herkku_00000407","name":"Leivontaperustuotteet","slug":"kuivatuotteet-ja-leivonta-1/leivontatarvikkeet/leivontaperustuotteet","__typename":"HierarchyPathItem"},{"id":"Herkku_00000072","name":"Leivontatarvikkeet","slug":"kuivatuotteet-ja-leivonta-1/leivontatarvikkeet","__typename":"HierarchyPathItem"},{"id":"Herkku_00000007","name":"Kuivatuotteet ja leivonta","slug":"kuivatuotteet-ja-leivonta-1","__typename":"HierarchyPathItem"}],"isGlobalFallback":null,"countryName":{"fi":"Puola","__typename":"CountryName"}},{"id":"6414201000402","ean":"6414201000402","name":"Meira Basilika 7g","price":0.85,"storeId":725782447,"__typename":"Product","approxPrice":false,"basicQuantityUnit":"KPL","comparisonPrice":121.43,"comparisonUnit":"KGM","consumerPackageSize":null,"consumerPackageUnit":null,"priceUnit":"KPL","quantityMultiplier":1,"brandName":"Meira","slug":"meira-basilika-7g","isAgeLimitedByAlcohol":false,"frozen":false,"packagingLabels":[],"packagingLabelCodes":[],"hierarchyPath":[{"id":"Herkku_00000413","name":"Yrttimausteet","slug":"oljyt-mausteet-maustaminen-1/mausteet/yrttimausteet","__typename":"HierarchyPathItem"},{"id":"Herkku_00000075","name":"Mausteet","slug":"oljyt-mausteet-maustaminen-1/mausteet","__typename":"HierarchyPathItem"},{"id":"Herkku_00000011","name":"Öljyt, mausteet, maustaminen","slug":"oljyt-mausteet-maustaminen-1","__typename":"HierarchyPathItem"}],"isGlobalFallback":null,"countryName":{"fi":"Egypti","__typename":"CountryName"}},{"id":"6414201000518","ean":"6414201000518","name":"Meira Broilerimauste ei lisättyä suolaa 38g","price":1.05,"storeId":725782447,"__typename":"Product","approxPrice":false,"basicQuantityUnit":"KPL","comparisonPrice":27.63,"comparisonUnit":"KGM","consumerPackageSize":null,"consumerPackageUnit":null,"priceUnit":"KPL","quantityMultiplier":1,"brandName":"Meira","slug":"meira-broilerimauste-ei-lisattya-suolaa-38g","isAgeLimitedByAlcohol":false,"frozen":false,"packagingLabels":["Avainlippu"],"packagingLabelCodes":["MADE_IN_FINLAND_FLAG_WITH_KEY"],"hierarchyPath":[{"id":"Herkku_00000419","name":"Mausteseokset","slug":"oljyt-mausteet-maustaminen-1/mausteet/mausteseokset","__typename":"HierarchyPathItem"},{"id":"Herkku_00000075","name":"Mausteet","slug":"oljyt-mausteet-maustaminen-1/mausteet","__typename":"HierarchyPathItem"},{"id":"Herkku_00000011","name":"Öljyt, mausteet, maustaminen","slug":"oljyt-mausteet-maustaminen-1","__typename":"HierarchyPathItem"}],"isGlobalFallback":null,"countryName":{"fi":"Suomi","__typename":"CountryName"}},{"id":"6414201000532","ean":"6414201000532","name":"Meira Cayennepippuri 22g","price":0.89,"storeId":725782447,"__typename":"Product","approxPrice":false,"basicQuantityUnit":"KPL","comparisonPrice":44.5,"comparisonUnit":"KGM","consumerPackageSize":null,"consumerPackageUnit":null,"priceUnit":"KPL","quantityMultiplier":1,"brandName":"Meira","slug":"meira-cayennepippuri-22g","isAgeLimitedByAlcohol":false,"frozen":false,"packagingLabels":[],"packagingLabelCodes":[],"hierarchyPath":[{"id":"Herkku_00000418","name":"Chilit","slug":"oljyt-mausteet-maustaminen-1/mausteet/chilit","__typename":"HierarchyPathItem"},{"id":"Herkku_00000075","name":"Mausteet","slug":"oljyt-mausteet-maustaminen-1/mausteet","__typename":"HierarchyPathItem"},{"id":"Herkku_00000011","name":"Öljyt, mausteet, maustaminen","slug":"oljyt-mausteet-maustaminen-1","__typename":"HierarchyPathItem"}],"isGlobalFallback":null,"countryName":{"fi":"Kiina","__typename":"CountryName"}},{"id":"6414201000570","ean":"6414201000570","name":"Meira Chilimausteseos ei lisättyä suolaa 24g","price":1.05,"storeId":725782447,"__typename":"Product","approxPrice":false,"basicQuantityUnit":"KPL","comparisonPrice":43.75,"comparisonUnit":"KGM","consumerPackageSize":null,"consumerPackageUnit":null,"priceUnit":"KPL","quantityMultiplier":1,"brandName":"Meira","slug":"meira-chilimausteseos-ei-lisattya-suolaa-24g","isAgeLimitedByAlcohol":false,"frozen":false,"packagingLabels":["Avainlippu"],"packagingLabelCodes":["MADE_IN_FINLAND_FLAG_WITH_KEY"],"hierarchyPath":[{"id":"Herkku_00000418","name":"Chilit","slug":"oljyt-mausteet-maustaminen-1/mausteet/chilit","__typename":"HierarchyPathItem"},{"id":"Herkku_00000075","name":"Mausteet","slug":"oljyt-mausteet-maustaminen-1/mausteet","__typename":"HierarchyPathItem"},{"id":"Herkku_00000011","name":"Öljyt, mausteet, maustaminen","slug":"oljyt-mausteet-maustaminen-1","__typename":"HierarchyPathItem"}],"isGlobalFallback":null,"countryName":{"fi":"Espanja","__typename":"CountryName"}},{"id":"6414201000600","ean":"6414201000600","name":"Meira Curry ei lisättyä suolaa 25g","price":0.75,"storeId":725782447,"__typename":"Product","approxPrice":false,"basicQuantityUnit":"KPL","comparisonPrice":30,"comparisonUnit":"KGM","consumerPackageSize":null,"consumerPackageUnit":null,"priceUnit":"KPL","quantityMultiplier":1,"brandName":"Meira","slug":"meira-curry-ei-lisattya-suolaa-25g","isAgeLimitedByAlcohol":false,"frozen":false,"packagingLabels":["Avainlippu"],"packagingLabelCodes":["MADE_IN_FINLAND_FLAG_WITH_KEY"],"hierarchyPath":[{"id":"Herkku_00000419","name":"Mausteseokset","slug":"oljyt-mausteet-maustaminen-1/mausteet/mausteseokset","__typename":"HierarchyPathItem"},{"id":"Herkku_00000075","name":"Mausteet","slug":"oljyt-mausteet-maustaminen-1/mausteet","__typename":"HierarchyPathItem"},{"id":"Herkku_00000011","name":"Öljyt, mausteet, maustaminen","slug":"oljyt-mausteet-maustaminen-1","__typename":"HierarchyPathItem"}],"isGlobalFallback":null,"countryName":{"fi":"Suomi","__typename":"CountryName"}},{"id":"6414201000754","ean":"6414201000754","name":"Meira Garam Masala ei lisättyä suolaa 28g","price":1.19,"storeId":725782447,"__typename":"Product","approxPrice":false,"basicQuantityUnit":"KPL","comparisonPrice":42.5,"comparisonUnit":"KGM","consumerPackageSize":null,"consumerPackageUnit":null,"priceUnit":"KPL","quantityMultiplier":1,"brandName":"Meira","slug":"meira-garam-masala-ei-lisattya-suolaa-28g","isAgeLimitedByAlcohol":false,"frozen":false,"packagingLabels":["Avainlippu"],"packagingLabelCodes":["MADE_IN_FINLAND_FLAG_WITH_KEY"],"hierarchyPath":[{"id":"Herkku_00000419","name":"Mausteseokset","slug":"oljyt-mausteet-maustaminen-1/mausteet/mausteseokset","__typename":"HierarchyPathItem"},{"id":"Herkku_00000075","name":"Mausteet","slug":"oljyt-mausteet-maustaminen-1/mausteet","__typename":"HierarchyPathItem"},{"id":"Herkku_00000011","name":"Öljyt, mausteet, maustaminen","slug":"oljyt-mausteet-maustaminen-1","__typename":"HierarchyPathItem"}],"isGlobalFallback":null,"countryName":{"fi":"Suomi","__typename":"CountryName"}},{"id":"6414201001027","ean":"6414201001027","name":"Meira Grillausmauste 110g","price":1.69,"storeId":725782447,"__typename":"Product","approxPrice":false,"basicQuantityUnit":"KPL","comparisonPrice":15.36,"comparisonUnit":"KGM","consumerPackageSize":null,"consumerPackageUnit":null,"priceUnit":"KPL","quantityMultiplier":1,"brandName":"Meira","slug":"meira-grillausmauste-110g","isAgeLimitedByAlcohol":false,"frozen":false,"packagingLabels":["Avainlippu"],"packagingLabelCodes":["MADE_IN_FINLAND_FLAG_WITH_KEY"],"hierarchyPath":[{"id":"Herkku_00000419","name":"Mausteseokset","slug":"oljyt-mausteet-maustaminen-1/mausteet/mausteseokset","__typename":"HierarchyPathItem"},{"id":"Herkku_00000075","name":"Mausteet","slug":"oljyt-mausteet-maustaminen-1/mausteet","__typename":"HierarchyPathItem"},{"id":"Herkku_00000011","name":"Öljyt, mausteet, maustaminen","slug":"oljyt-mausteet-maustaminen-1","__typename":"HierarchyPathItem"}],"isGlobalFallback":null,"countryName":{"fi":"Suomi","__typename":"CountryName"}},{"id":"6414201001102","ean":"6414201001102","name":"Meira Inkivääri jauhettu 22g","price":1.05,"storeId":725782447,"__typename":"Product","approxPrice":false,"basicQuantityUnit":"KPL","comparisonPrice":47.73,"comparisonUnit":"KGM","consumerPackageSize":null,"consumerPackageUnit":null,"priceUnit":"KPL","quantityMultiplier":1,"brandName":"Meira","slug":"meira-inkivaari-jauhettu-22g","isAgeLimitedByAlcohol":false,"frozen":false,"packagingLabels":[],"packagingLabelCodes":[],"hierarchyPath":[{"id":"Herkku_00000414","name":"Leivontamausteet","slug":"oljyt-mausteet-maustaminen-1/mausteet/leivontamausteet","__typename":"HierarchyPathItem"},{"id":"Herkku_00000075","name":"Mausteet","slug":"oljyt-mausteet-maustaminen-1/mausteet","__typename":"HierarchyPathItem"},{"id":"Herkku_00000011","name":"Öljyt, mausteet, maustaminen","slug":"oljyt-mausteet-maustaminen-1","__typename":"HierarchyPathItem"}],"isGlobalFallback":null,"countryName":{"fi":"Kiina","__typename":"CountryName"}},{"id":"6414201001331","ean":"6414201001331","name":"Meira Jauhelihamauste 100g","price":1.39,"storeId":725782447,"__typename":"Product","approxPrice":false,"basicQuantityUnit":"KPL","comparisonPrice":13.9,"comparisonUnit":"KGM","consumerPackageSize":null,"consumerPackageUnit":null,"priceUnit":"KPL","quantityMultiplier":1,"brandName":"Meira","slug":"meira-jauhelihamauste-100g","isAgeLimitedByAlcohol":false,"frozen":false,"packagingLabels":["Avainlippu"],"packagingLabelCodes":["MADE_IN_FINLAND_FLAG_WITH_KEY"],"hierarchyPath":[{"id":"Herkku_00000419","name":"Mausteseokset","slug":"oljyt-mausteet-maustaminen-1/mausteet/mausteseokset","__typename":"HierarchyPathItem"},{"id":"Herkku_00000075","name":"Mausteet","slug":"oljyt-mausteet-maustaminen-1/mausteet","__typename":"HierarchyPathItem"},{"id":"Herkku_00000011","name":"Öljyt, mausteet, maustaminen","slug":"oljyt-mausteet-maustaminen-1","__typename":"HierarchyPathItem"}],"isGlobalFallback":null,"countryName":{"fi":"Suomi","__typename":"CountryName"}},{"id":"6414201001348","ean":"6414201001348","name":"Meira Jauhelihamauste ei lisättyä suolaa 35g","price":0.85,"storeId":725782447,"__typename":"Product","approxPrice":false,"basicQuantityUnit":"KPL","comparisonPrice":24.29,"comparisonUnit":"KGM","consumerPackageSize":null,"consumerPackageUnit":null,"priceUnit":"KPL","quantityMultiplier":1,"brandName":"Meira","slug":"meira-jauhelihamauste-ei-lisattya-suolaa-35g","isAgeLimitedByAlcohol":false,"frozen":false,"packagingLabels":["Avainlippu"],"packagingLabelCodes":["MADE_IN_FINLAND_FLAG_WITH_KEY"],"hierarchyPath":[{"id":"Herkku_00000419","name":"Mausteseokset","slug":"oljyt-mausteet-maustaminen-1/mausteet/mausteseokset","__typename":"HierarchyPathItem"},{"id":"Herkku_00000075","name":"Mausteet","slug":"oljyt-mausteet-maustaminen-1/mausteet","__typename":"HierarchyPathItem"},{"id":"Herkku_00000011","name":"Öljyt, mausteet, maustaminen","slug":"oljyt-mausteet-maustaminen-1","__typename":"HierarchyPathItem"}],"isGlobalFallback":null,"countryName":{"fi":"Suomi","__typename":"CountryName"}},{"id":"6414201001447","ean":"6414201001447","name":"Meira Kalamauste ei lisättyä suolaa 32g","price":1.15,"storeId":725782447,"__typename":"Product","approxPrice":false,"basicQuantityUnit":"KPL","comparisonPrice":35.94,"comparisonUnit":"KGM","consumerPackageSize":null,"consumerPackageUnit":null,"priceUnit":"KPL","quantityMultiplier":1,"brandName":"Meira","slug":"meira-kalamauste-ei-lisattya-suolaa-32g","isAgeLimitedByAlcohol":false,"frozen":false,"packagingLabels":["Avainlippu"],"packagingLabelCodes":["MADE_IN_FINLAND_FLAG_WITH_KEY"],"hierarchyPath":[{"id":"Herkku_00000419","name":"Mausteseokset","slug":"oljyt-mausteet-maustaminen-1/mausteet/mausteseokset","__typename":"HierarchyPathItem"},{"id":"Herkku_00000075","name":"Mausteet","slug":"oljyt-mausteet-maustaminen-1/mausteet","__typename":"HierarchyPathItem"},{"id":"Herkku_00000011","name":"Öljyt, mausteet, maustaminen","slug":"oljyt-mausteet-maustaminen-1","__typename":"HierarchyPathItem"}],"isGlobalFallback":null,"countryName":{"fi":"Suomi","__typename":"CountryName"}},{"id":"6414201001812","ean":"6414201001812","name":"Meira Kardemumma jauhettu 8g","price":1.05,"storeId":725782447,"__typename":"Product","approxPrice":false,"basicQuantityUnit":"KPL","comparisonPrice":131.25,"comparisonUnit":"KGM","consumerPackageSize":null,"consumerPackageUnit":null,"priceUnit":"KPL","quantityMultiplier":1,"brandName":"Meira","slug":"meira-kardemumma-jauhettu-8g","isAgeLimitedByAlcohol":false,"frozen":false,"packagingLabels":[],"packagingLabelCodes":[],"hierarchyPath":[{"id":"Herkku_00000414","name":"Leivontamausteet","slug":"oljyt-mausteet-maustaminen-1/mausteet/leivontamausteet","__typename":"HierarchyPathItem"},{"id":"Herkku_00000075","name":"Mausteet","slug":"oljyt-mausteet-maustaminen-1/mausteet","__typename":"HierarchyPathItem"},{"id":"Herkku_00000011","name":"Öljyt, mausteet, maustaminen","slug":"oljyt-mausteet-maustaminen-1","__typename":"HierarchyPathItem"}],"isGlobalFallback":null,"countryName":{"fi":"Guatemala","__typename":"CountryName"}},{"id":"6414201002208","ean":"6414201002208","name":"Meira Maustepippuri jauhettu 25g","price":1.39,"storeId":725782447,"__typename":"Product","approxPrice":false,"basicQuantityUnit":"KPL","comparisonPrice":55.6,"comparisonUnit":"KGM","consumerPackageSize":null,"consumerPackageUnit":null,"priceUnit":"KPL","quantityMultiplier":1,"brandName":"Meira","slug":"meira-maustepippuri-jauhettu-25g","isAgeLimitedByAlcohol":false,"frozen":false,"packagingLabels":[],"packagingLabelCodes":[],"hierarchyPath":[{"id":"Herkku_00000412","name":"Pippurit","slug":"oljyt-mausteet-maustaminen-1/mausteet/pippurit","__typename":"HierarchyPathItem"},{"id":"Herkku_00000075","name":"Mausteet","slug":"oljyt-mausteet-maustaminen-1/mausteet","__typename":"HierarchyPathItem"},{"id":"Herkku_00000011","name":"Öljyt, mausteet, maustaminen","slug":"oljyt-mausteet-maustaminen-1","__typename":"HierarchyPathItem"}],"isGlobalFallback":null,"countryName":{"fi":"Guatemala","__typename":"CountryName"}},{"id":"6414201002307","ean":"6414201002307","name":"Meira Maustepippuri kokonainen 20g","price":1.09,"storeId":725782447,"__typename":"Product","approxPrice":false,"basicQuantityUnit":"KPL","comparisonPrice":54.5,"comparisonUnit":"KGM","consumerPackageSize":null,"consumerPackageUnit":null,"priceUnit":"KPL","quantityMultiplier":1,"brandName":"Meira","slug":"meira-maustepippuri-kokonainen-20g","isAgeLimitedByAlcohol":false,"frozen":false,"packagingLabels":[],"packagingLabelCodes":[],"hierarchyPath":[{"id":"Herkku_00000412","name":"Pippurit","slug":"oljyt-mausteet-maustaminen-1/mausteet/pippurit","__typename":"HierarchyPathItem"},{"id":"Herkku_00000075","name":"Mausteet","slug":"oljyt-mausteet-maustaminen-1/mausteet","__typename":"HierarchyPathItem"},{"id":"Herkku_00000011","name":"Öljyt, mausteet, maustaminen","slug":"oljyt-mausteet-maustaminen-1","__typename":"HierarchyPathItem"}],"isGlobalFallback":null,"countryName":null},{"id":"6414201002529","ean":"6414201002529","name":"Meira Maustepippuri kokonainen 50g","price":2.35,"storeId":725782447,"__typename":"Product","approxPrice":false,"basicQuantityUnit":"KPL","comparisonPrice":47,"comparisonUnit":"KGM","consumerPackageSize":null,"consumerPackageUnit":null,"priceUnit":"KPL","quantityMultiplier":1,"brandName":"Meira","slug":"meira-maustepippuri-kokonainen-50g","isAgeLimitedByAlcohol":false,"frozen":false,"packagingLabels":[],"packagingLabelCodes":[],"hierarchyPath":[{"id":"Herkku_00000412","name":"Pippurit","slug":"oljyt-mausteet-maustaminen-1/mausteet/pippurit","__typename":"HierarchyPathItem"},{"id":"Herkku_00000075","name":"Mausteet","slug":"oljyt-mausteet-maustaminen-1/mausteet","__typename":"HierarchyPathItem"},{"id":"Herkku_00000011","name":"Öljyt, mausteet, maustaminen","slug":"oljyt-mausteet-maustaminen-1","__typename":"HierarchyPathItem"}],"isGlobalFallback":null,"countryName":null},{"id":"6414201002604","ean":"6414201002604","name":"Meira Meirami 5g","price":0.65,"storeId":725782447,"__typename":"Product","approxPrice":false,"basicQuantityUnit":"KPL","comparisonPrice":130,"comparisonUnit":"KGM","consumerPackageSize":null,"consumerPackageUnit":null,"priceUnit":"KPL","quantityMultiplier":1,"brandName":"Meira","slug":"meira-meirami-5g","isAgeLimitedByAlcohol":false,"frozen":false,"packagingLabels":[],"packagingLabelCodes":[],"hierarchyPath":[{"id":"Herkku_00000413","name":"Yrttimausteet","slug":"oljyt-mausteet-maustaminen-1/mausteet/yrttimausteet","__typename":"HierarchyPathItem"},{"id":"Herkku_00000075","name":"Mausteet","slug":"oljyt-mausteet-maustaminen-1/mausteet","__typename":"HierarchyPathItem"},{"id":"Herkku_00000011","name":"Öljyt, mausteet, maustaminen","slug":"oljyt-mausteet-maustaminen-1","__typename":"HierarchyPathItem"}],"isGlobalFallback":null,"countryName":{"fi":"Egypti","__typename":"CountryName"}},{"id":"6414201002895","ean":"6414201002895","name":"Meira Mustapippuri jauhettu 25g","price":1.29,"storeId":725782447,"__typename":"Product","approxPrice":false,"basicQuantityUnit":"KPL","comparisonPrice":51.6,"comparisonUnit":"KGM","consumerPackageSize":null,"consumerPackageUnit":null,"priceUnit":"KPL","quantityMultiplier":1,"brandName":"Meira","slug":"meira-mustapippuri-jauhettu-25g","isAgeLimitedByAlcohol":false,"frozen":false,"packagingLabels":[],"packagingLabelCodes":[],"hierarchyPath":[{"id":"Herkku_00000412","name":"Pippurit","slug":"oljyt-mausteet-maustaminen-1/mausteet/pippurit","__typename":"HierarchyPathItem"},{"id":"Herkku_00000075","name":"Mausteet","slug":"oljyt-mausteet-maustaminen-1/mausteet","__typename":"HierarchyPathItem"},{"id":"Herkku_00000011","name":"Öljyt, mausteet, maustaminen","slug":"oljyt-mausteet-maustaminen-1","__typename":"HierarchyPathItem"}],"isGlobalFallback":null,"countryName":{"fi":"Vietnam","__typename":"CountryName"}},{"id":"6414201002901","ean":"6414201002901","name":"Meira Mustapippuri kokonainen 27g","price":1.29,"storeId":725782447,"__typename":"Product","approxPrice":false,"basicQuantityUnit":"KPL","comparisonPrice":47.78,"comparisonUnit":"KGM","consumerPackageSize":null,"consumerPackageUnit":null,"priceUnit":"KPL","quantityMultiplier":1,"brandName":"Meira","slug":"meira-mustapippuri-kokonainen-27g","isAgeLimitedByAlcohol":false,"frozen":false,"packagingLabels":[],"packagingLabelCodes":[],"hierarchyPath":[{"id":"Herkku_00000412","name":"Pippurit","slug":"oljyt-mausteet-maustaminen-1/mausteet/pippurit","__typename":"HierarchyPathItem"},{"id":"Herkku_00000075","name":"Mausteet","slug":"oljyt-mausteet-maustaminen-1/mausteet","__typename":"HierarchyPathItem"},{"id":"Herkku_00000011","name":"Öljyt, mausteet, maustaminen","slug":"oljyt-mausteet-maustaminen-1","__typename":"HierarchyPathItem"}],"isGlobalFallback":null,"countryName":{"fi":"Vietnam","__typename":"CountryName"}},{"id":"6414201002925","ean":"6414201002925","name":"Meira Mustapippuri kokonainen 60g","price":2.39,"storeId":725782447,"__typename":"Product","approxPrice":false,"basicQuantityUnit":"KPL","comparisonPrice":39.83,"comparisonUnit":"KGM","consumerPackageSize":null,"consumerPackageUnit":null,"priceUnit":"KPL","quantityMultiplier":1,"brandName":"Meira","slug":"meira-mustapippuri-kokonainen-60g","isAgeLimitedByAlcohol":false,"frozen":false,"packagingLabels":[],"packagingLabelCodes":[],"hierarchyPath":[{"id":"Herkku_00000412","name":"Pippurit","slug":"oljyt-mausteet-maustaminen-1/mausteet/pippurit","__typename":"HierarchyPathItem"},{"id":"Herkku_00000075","name":"Mausteet","slug":"oljyt-mausteet-maustaminen-1/mausteet","__typename":"HierarchyPathItem"},{"id":"Herkku_00000011","name":"Öljyt, mausteet, maustaminen","slug":"oljyt-mausteet-maustaminen-1","__typename":"HierarchyPathItem"}],"isGlobalFallback":null,"countryName":{"fi":"Vietnam","__typename":"CountryName"}},{"id":"6414201003021","ean":"6414201003021","name":"Meira Mustapippuri rouhittu 27g","price":1.39,"storeId":725782447,"__typename":"Product","approxPrice":false,"basicQuantityUnit":"KPL","comparisonPrice":51.48,"comparisonUnit":"KGM","consumerPackageSize":null,"consumerPackageUnit":null,"priceUnit":"KPL","quantityMultiplier":1,"brandName":"Meira","slug":"meira-mustapippuri-rouhittu-27g","isAgeLimitedByAlcohol":false,"frozen":false,"packagingLabels":[],"packagingLabelCodes":[],"hierarchyPath":[{"id":"Herkku_00000412","name":"Pippurit","slug":"oljyt-mausteet-maustaminen-1/mausteet/pippurit","__typename":"HierarchyPathItem"},{"id":"Herkku_00000075","name":"Mausteet","slug":"oljyt-mausteet-maustaminen-1/mausteet","__typename":"HierarchyPathItem"},{"id":"Herkku_00000011","name":"Öljyt, mausteet, maustaminen","slug":"oljyt-mausteet-maustaminen-1","__typename":"HierarchyPathItem"}],"isGlobalFallback":null,"countryName":{"fi":"Vietnam","__typename":"CountryName"}},{"id":"6414201003533","ean":"6414201003533","name":"Meira Paprika jauhettu 60g","price":1.35,"storeId":725782447,"__typename":"Product","approxPrice":false,"basicQuantityUnit":"KPL","comparisonPrice":22.5,"comparisonUnit":"KGM","consumerPackageSize":null,"consumerPackageUnit":null,"priceUnit":"KPL","quantityMultiplier":1,"brandName":"Meira","slug":"meira-paprika-jauhettu-60g","isAgeLimitedByAlcohol":false,"frozen":false,"packagingLabels":[],"packagingLabelCodes":[],"hierarchyPath":[{"id":"Herkku_00000204","name":"Paprikat","slug":"oljyt-mausteet-maustaminen-1/mausteet/paprikat","__typename":"HierarchyPathItem"},{"id":"Herkku_00000075","name":"Mausteet","slug":"oljyt-mausteet-maustaminen-1/mausteet","__typename":"HierarchyPathItem"},{"id":"Herkku_00000011","name":"Öljyt, mausteet, maustaminen","slug":"oljyt-mausteet-maustaminen-1","__typename":"HierarchyPathItem"}],"isGlobalFallback":null,"countryName":{"fi":"Kiina","__typename":"CountryName"}},{"id":"6414201003601","ean":"6414201003601","name":"Meira Persilja 9g","price":1.05,"storeId":725782447,"__typename":"Product","approxPrice":false,"basicQuantityUnit":"KPL","comparisonPrice":116.67,"comparisonUnit":"KGM","consumerPackageSize":null,"consumerPackageUnit":null,"priceUnit":"KPL","quantityMultiplier":1,"brandName":"Meira","slug":"meira-persilja-9g","isAgeLimitedByAlcohol":false,"frozen":false,"packagingLabels":[],"packagingLabelCodes":[],"hierarchyPath":[{"id":"Herkku_00000413","name":"Yrttimausteet","slug":"oljyt-mausteet-maustaminen-1/mausteet/yrttimausteet","__typename":"HierarchyPathItem"},{"id":"Herkku_00000075","name":"Mausteet","slug":"oljyt-mausteet-maustaminen-1/mausteet","__typename":"HierarchyPathItem"},{"id":"Herkku_00000011","name":"Öljyt, mausteet, maustaminen","slug":"oljyt-mausteet-maustaminen-1","__typename":"HierarchyPathItem"}],"isGlobalFallback":null,"countryName":null},{"id":"6414201003809","ean":"6414201003809","name":"Meira Pizzamauste ei lisättyä suolaa 32g","price":1.69,"storeId":725782447,"__typename":"Product","approxPrice":false,"basicQuantityUnit":"KPL","comparisonPrice":52.81,"comparisonUnit":"KGM","consumerPackageSize":null,"consumerPackageUnit":null,"priceUnit":"KPL","quantityMultiplier":1,"brandName":"Meira","slug":"meira-pizzamauste-ei-lisattya-suolaa-32g","isAgeLimitedByAlcohol":false,"frozen":false,"packagingLabels":["Avainlippu"],"packagingLabelCodes":["MADE_IN_FINLAND_FLAG_WITH_KEY"],"hierarchyPath":[{"id":"Herkku_00000413","name":"Yrttimausteet","slug":"oljyt-mausteet-maustaminen-1/mausteet/yrttimausteet","__typename":"HierarchyPathItem"},{"id":"Herkku_00000075","name":"Mausteet","slug":"oljyt-mausteet-maustaminen-1/mausteet","__typename":"HierarchyPathItem"},{"id":"Herkku_00000011","name":"Öljyt, mausteet, maustaminen","slug":"oljyt-mausteet-maustaminen-1","__typename":"HierarchyPathItem"}],"isGlobalFallback":null,"countryName":{"fi":"Suomi","__typename":"CountryName"}},{"id":"6414201003878","ean":"6414201003878","name":"Meira Pippuriseos kolme pippuria ei lisättyä suolaa 32g","price":1.29,"storeId":725782447,"__typename":"Product","approxPrice":false,"basicQuantityUnit":"KPL","comparisonPrice":40.31,"comparisonUnit":"KGM","consumerPackageSize":null,"consumerPackageUnit":null,"priceUnit":"KPL","quantityMultiplier":1,"brandName":"Meira","slug":"meira-pippuriseos-kolme-pippuria-ei-lisattya-suolaa-32g","isAgeLimitedByAlcohol":false,"frozen":false,"packagingLabels":["Avainlippu"],"packagingLabelCodes":["MADE_IN_FINLAND_FLAG_WITH_KEY"],"hierarchyPath":[{"id":"Herkku_00000412","name":"Pippurit","slug":"oljyt-mausteet-maustaminen-1/mausteet/pippurit","__typename":"HierarchyPathItem"},{"id":"Herkku_00000075","name":"Mausteet","slug":"oljyt-mausteet-maustaminen-1/mausteet","__typename":"HierarchyPathItem"},{"id":"Herkku_00000011","name":"Öljyt, mausteet, maustaminen","slug":"oljyt-mausteet-maustaminen-1","__typename":"HierarchyPathItem"}],"isGlobalFallback":null,"countryName":{"fi":"Suomi","__typename":"CountryName"}},{"id":"6414201003922","ean":"6414201003922","name":"Meira Provencale yrttiseos ei lisättyä suolaa 8g","price":0.85,"storeId":725782447,"__typename":"Product","approxPrice":false,"basicQuantityUnit":"KPL","comparisonPrice":106.25,"comparisonUnit":"KGM","consumerPackageSize":null,"consumerPackageUnit":null,"priceUnit":"KPL","quantityMultiplier":1,"brandName":"Meira","slug":"meira-provencale-yrttiseos-ei-lisattya-suolaa-8g","isAgeLimitedByAlcohol":false,"frozen":false,"packagingLabels":["Avainlippu"],"packagingLabelCodes":["MADE_IN_FINLAND_FLAG_WITH_KEY"],"hierarchyPath":[{"id":"Herkku_00000413","name":"Yrttimausteet","slug":"oljyt-mausteet-maustaminen-1/mausteet/yrttimausteet","__typename":"HierarchyPathItem"},{"id":"Herkku_00000075","name":"Mausteet","slug":"oljyt-mausteet-maustaminen-1/mausteet","__typename":"HierarchyPathItem"},{"id":"Herkku_00000011","name":"Öljyt, mausteet, maustaminen","slug":"oljyt-mausteet-maustaminen-1","__typename":"HierarchyPathItem"}],"isGlobalFallback":null,"countryName":{"fi":"Suomi","__typename":"CountryName"}},{"id":"6414201003953","ean":"6414201003953","name":"Meira Rakuuna 9g","price":1.25,"storeId":725782447,"__typename":"Product","approxPrice":false,"basicQuantityUnit":"KPL","comparisonPrice":138.89,"comparisonUnit":"KGM","consumerPackageSize":null,"consumerPackageUnit":null,"priceUnit":"KPL","quantityMultiplier":1,"brandName":"Meira","slug":"meira-rakuuna-9g","isAgeLimitedByAlcohol":false,"frozen":false,"packagingLabels":[],"packagingLabelCodes":[],"hierarchyPath":[{"id":"Herkku_00000413","name":"Yrttimausteet","slug":"oljyt-mausteet-maustaminen-1/mausteet/yrttimausteet","__typename":"HierarchyPathItem"},{"id":"Herkku_00000075","name":"Mausteet","slug":"oljyt-mausteet-maustaminen-1/mausteet","__typename":"HierarchyPathItem"},{"id":"Herkku_00000011","name":"Öljyt, mausteet, maustaminen","slug":"oljyt-mausteet-maustaminen-1","__typename":"HierarchyPathItem"}],"isGlobalFallback":null,"countryName":{"fi":"Ranska","__typename":"CountryName"}},{"id":"6414201003984","ean":"6414201003984","name":"Meira Rosépippuri kokonainen 15g","price":1.39,"storeId":725782447,"__typename":"Product","approxPrice":false,"basicQuantityUnit":"KPL","comparisonPrice":92.67,"comparisonUnit":"KGM","consumerPackageSize":null,"consumerPackageUnit":null,"priceUnit":"KPL","quantityMultiplier":1,"brandName":"Meira","slug":"meira-rosepippuri-kokonainen-15g","isAgeLimitedByAlcohol":false,"frozen":false,"packagingLabels":[],"packagingLabelCodes":[],"hierarchyPath":[{"id":"Herkku_00000412","name":"Pippurit","slug":"oljyt-mausteet-maustaminen-1/mausteet/pippurit","__typename":"HierarchyPathItem"},{"id":"Herkku_00000075","name":"Mausteet","slug":"oljyt-mausteet-maustaminen-1/mausteet","__typename":"HierarchyPathItem"},{"id":"Herkku_00000011","name":"Öljyt, mausteet, maustaminen","slug":"oljyt-mausteet-maustaminen-1","__typename":"HierarchyPathItem"}],"isGlobalFallback":null,"countryName":{"fi":"Brasilia","__typename":"CountryName"}},{"id":"6414201003991","ean":"6414201003991","name":"Meira Rosmariini 15g","price":0.65,"storeId":725782447,"__typename":"Product","approxPrice":false,"basicQuantityUnit":"KPL","comparisonPrice":43.33,"comparisonUnit":"KGM","consumerPackageSize":null,"consumerPackageUnit":null,"priceUnit":"KPL","quantityMultiplier":1,"brandName":"Meira","slug":"meira-rosmariini-15g","isAgeLimitedByAlcohol":false,"frozen":false,"packagingLabels":[],"packagingLabelCodes":[],"hierarchyPath":[{"id":"Herkku_00000413","name":"Yrttimausteet","slug":"oljyt-mausteet-maustaminen-1/mausteet/yrttimausteet","__typename":"HierarchyPathItem"},{"id":"Herkku_00000075","name":"Mausteet","slug":"oljyt-mausteet-maustaminen-1/mausteet","__typename":"HierarchyPathItem"},{"id":"Herkku_00000011","name":"Öljyt, mausteet, maustaminen","slug":"oljyt-mausteet-maustaminen-1","__typename":"HierarchyPathItem"}],"isGlobalFallback":null,"countryName":{"fi":"Marokko","__typename":"CountryName"}},{"id":"6414201004011","ean":"6414201004011","name":"Meira Ruohosipuli 2,4g","price":0.99,"storeId":725782447,"__typename":"Product","approxPrice":false,"basicQuantityUnit":"KPL","comparisonPrice":495,"comparisonUnit":"KGM","consumerPackageSize":null,"consumerPackageUnit":null,"priceUnit":"KPL","quantityMultiplier":1,"brandName":"Meira","slug":"meira-ruohosipuli-2-4g","isAgeLimitedByAlcohol":false,"frozen":false,"packagingLabels":[],"packagingLabelCodes":[],"hierarchyPath":[{"id":"Herkku_00000413","name":"Yrttimausteet","slug":"oljyt-mausteet-maustaminen-1/mausteet/yrttimausteet","__typename":"HierarchyPathItem"},{"id":"Herkku_00000075","name":"Mausteet","slug":"oljyt-mausteet-maustaminen-1/mausteet","__typename":"HierarchyPathItem"},{"id":"Herkku_00000011","name":"Öljyt, mausteet, maustaminen","slug":"oljyt-mausteet-maustaminen-1","__typename":"HierarchyPathItem"}],"isGlobalFallback":null,"countryName":{"fi":"Peru","__typename":"CountryName"}},{"id":"6414201004493","ean":"6414201004493","name":"Meira Sipulijauhe 30g","price":0.89,"storeId":725782447,"__typename":"Product","approxPrice":false,"basicQuantityUnit":"KPL","comparisonPrice":29.67,"comparisonUnit":"KGM","consumerPackageSize":null,"consumerPackageUnit":null,"priceUnit":"KPL","quantityMultiplier":1,"brandName":"Meira","slug":"meira-sipulijauhe-30g","isAgeLimitedByAlcohol":false,"frozen":false,"packagingLabels":[],"packagingLabelCodes":[],"hierarchyPath":[{"id":"Herkku_00000419","name":"Mausteseokset","slug":"oljyt-mausteet-maustaminen-1/mausteet/mausteseokset","__typename":"HierarchyPathItem"},{"id":"Herkku_00000075","name":"Mausteet","slug":"oljyt-mausteet-maustaminen-1/mausteet","__typename":"HierarchyPathItem"},{"id":"Herkku_00000011","name":"Öljyt, mausteet, maustaminen","slug":"oljyt-mausteet-maustaminen-1","__typename":"HierarchyPathItem"}],"isGlobalFallback":null,"countryName":{"fi":"Kiina","__typename":"CountryName"}},{"id":"6414201004523","ean":"6414201004523","name":"Meira Sitruunapippuri ei lisättyä suolaa 32g","price":0.99,"storeId":725782447,"__typename":"Product","approxPrice":false,"basicQuantityUnit":"KPL","comparisonPrice":30.94,"comparisonUnit":"KGM","consumerPackageSize":null,"consumerPackageUnit":null,"priceUnit":"KPL","quantityMultiplier":1,"brandName":"Meira","slug":"meira-sitruunapippuri-ei-lisattya-suolaa-32g","isAgeLimitedByAlcohol":false,"frozen":false,"packagingLabels":["Avainlippu"],"packagingLabelCodes":["MADE_IN_FINLAND_FLAG_WITH_KEY"],"hierarchyPath":[{"id":"Herkku_00000412","name":"Pippurit","slug":"oljyt-mausteet-maustaminen-1/mausteet/pippurit","__typename":"HierarchyPathItem"},{"id":"Herkku_00000075","name":"Mausteet","slug":"oljyt-mausteet-maustaminen-1/mausteet","__typename":"HierarchyPathItem"},{"id":"Herkku_00000011","name":"Öljyt, mausteet, maustaminen","slug":"oljyt-mausteet-maustaminen-1","__typename":"HierarchyPathItem"}],"isGlobalFallback":null,"countryName":{"fi":"Suomi","__typename":"CountryName"}},{"id":"6414201004615","ean":"6414201004615","name":"Meira Tilli 8g","price":0.69,"storeId":725782447,"__typename":"Product","approxPrice":false,"basicQuantityUnit":"KPL","comparisonPrice":86.25,"comparisonUnit":"KGM","consumerPackageSize":null,"consumerPackageUnit":null,"priceUnit":"KPL","quantityMultiplier":1,"brandName":"Meira","slug":"meira-tilli-8g","isAgeLimitedByAlcohol":false,"frozen":false,"packagingLabels":[],"packagingLabelCodes":[],"hierarchyPath":[{"id":"Herkku_00000413","name":"Yrttimausteet","slug":"oljyt-mausteet-maustaminen-1/mausteet/yrttimausteet","__typename":"HierarchyPathItem"},{"id":"Herkku_00000075","name":"Mausteet","slug":"oljyt-mausteet-maustaminen-1/mausteet","__typename":"HierarchyPathItem"},{"id":"Herkku_00000011","name":"Öljyt, mausteet, maustaminen","slug":"oljyt-mausteet-maustaminen-1","__typename":"HierarchyPathItem"}],"isGlobalFallback":null,"countryName":null},{"id":"6414201004707","ean":"6414201004707","name":"Meira Timjami 13g","price":1.15,"storeId":725782447,"__typename":"Product","approxPrice":false,"basicQuantityUnit":"KPL","comparisonPrice":88.46,"comparisonUnit":"KGM","consumerPackageSize":null,"consumerPackageUnit":null,"priceUnit":"KPL","quantityMultiplier":1,"brandName":"Meira","slug":"meira-timjami-13g","isAgeLimitedByAlcohol":false,"frozen":false,"packagingLabels":[],"packagingLabelCodes":[],"hierarchyPath":[{"id":"Herkku_00000413","name":"Yrttimausteet","slug":"oljyt-mausteet-maustaminen-1/mausteet/yrttimausteet","__typename":"HierarchyPathItem"},{"id":"Herkku_00000075","name":"Mausteet","slug":"oljyt-mausteet-maustaminen-1/mausteet","__typename":"HierarchyPathItem"},{"id":"Herkku_00000011","name":"Öljyt, mausteet, maustaminen","slug":"oljyt-mausteet-maustaminen-1","__typename":"HierarchyPathItem"}],"isGlobalFallback":null,"countryName":null},{"id":"6414201101406","ean":"6414201101406","name":"Meira Kaneli jauhettu 38g","price":1.85,"storeId":725782447,"__typename":"Product","approxPrice":false,"basicQuantityUnit":"KPL","comparisonPrice":48.68,"comparisonUnit":"KGM","consumerPackageSize":null,"consumerPackageUnit":null,"priceUnit":"KPL","quantityMultiplier":1,"brandName":"Meira","slug":"meira-kaneli-jauhettu-38g","isAgeLimitedByAlcohol":false,"frozen":false,"packagingLabels":[],"packagingLabelCodes":[],"hierarchyPath":[{"id":"Herkku_00000414","name":"Leivontamausteet","slug":"oljyt-mausteet-maustaminen-1/mausteet/leivontamausteet","__typename":"HierarchyPathItem"},{"id":"Herkku_00000075","name":"Mausteet","slug":"oljyt-mausteet-maustaminen-1/mausteet","__typename":"HierarchyPathItem"},{"id":"Herkku_00000011","name":"Öljyt, mausteet, maustaminen","slug":"oljyt-mausteet-maustaminen-1","__typename":"HierarchyPathItem"}],"isGlobalFallback":null,"countryName":{"fi":"Indonesia","__typename":"CountryName"}},{"id":"6414201631033","ean":"6414201631033","name":"Meira Ruokasuola jodioitu 1kg","price":1.09,"storeId":725782447,"__typename":"Product","approxPrice":false,"basicQuantityUnit":"KPL","comparisonPrice":1.09,"comparisonUnit":"KGM","consumerPackageSize":null,"consumerPackageUnit":null,"priceUnit":"KPL","quantityMultiplier":1,"brandName":"Meira","slug":"meira-ruokasuola-jodioitu-1kg","isAgeLimitedByAlcohol":false,"frozen":false,"packagingLabels":[],"packagingLabelCodes":[],"hierarchyPath":[{"id":"Herkku_00000438","name":"Ruokasuola","slug":"oljyt-mausteet-maustaminen-1/suolat/ruokasuola","__typename":"HierarchyPathItem"},{"id":"Herkku_00000080","name":"Suolat","slug":"oljyt-mausteet-maustaminen-1/suolat","__typename":"HierarchyPathItem"},{"id":"Herkku_00000011","name":"Öljyt, mausteet, maustaminen","slug":"oljyt-mausteet-maustaminen-1","__typename":"HierarchyPathItem"}],"isGlobalFallback":null,"countryName":{"fi":"Tanska","__typename":"CountryName"}},{"id":"6414202501007","ean":"6414202501007","name":"Meira Perinteinen sinappi 950g","price":3.29,"storeId":725782447,"__typename":"Product","approxPrice":false,"basicQuantityUnit":"KPL","comparisonPrice":3.46,"comparisonUnit":"KGM","consumerPackageSize":null,"consumerPackageUnit":null,"priceUnit":"KPL","quantityMultiplier":1,"brandName":"Meira","slug":"meira-perinteinen-sinappi-950g","isAgeLimitedByAlcohol":false,"frozen":false,"packagingLabels":["Avainlippu"],"packagingLabelCodes":["MADE_IN_FINLAND_FLAG_WITH_KEY"],"hierarchyPath":[{"id":"Herkku_00000424","name":"Sinapit","slug":"oljyt-mausteet-maustaminen-1/ketsupit-ja-sinapit/sinapit","__typename":"HierarchyPathItem"},{"id":"Herkku_00000077","name":"Ketsupit ja sinapit","slug":"oljyt-mausteet-maustaminen-1/ketsupit-ja-sinapit","__typename":"HierarchyPathItem"},{"id":"Herkku_00000011","name":"Öljyt, mausteet, maustaminen","slug":"oljyt-mausteet-maustaminen-1","__typename":"HierarchyPathItem"}],"isGlobalFallback":null,"countryName":{"fi":"Suomi","__typename":"CountryName"}},{"id":"6414202701001","ean":"6414202701001","name":"Meira Ketsuppi 500g","price":2.55,"storeId":725782447,"__typename":"Product","approxPrice":false,"basicQuantityUnit":"KPL","comparisonPrice":5.1,"comparisonUnit":"KGM","consumerPackageSize":null,"consumerPackageUnit":null,"priceUnit":"KPL","quantityMultiplier":1,"brandName":"Meira","slug":"meira-ketsuppi-500g","isAgeLimitedByAlcohol":false,"frozen":false,"packagingLabels":["Avainlippu"],"packagingLabelCodes":["MADE_IN_FINLAND_FLAG_WITH_KEY"],"hierarchyPath":[{"id":"Herkku_00000420","name":"Ketsupit","slug":"oljyt-mausteet-maustaminen-1/ketsupit-ja-sinapit/ketsupit","__typename":"HierarchyPathItem"},{"id":"Herkku_00000077","name":"Ketsupit ja sinapit","slug":"oljyt-mausteet-maustaminen-1/ketsupit-ja-sinapit","__typename":"HierarchyPathItem"},{"id":"Herkku_00000011","name":"Öljyt, mausteet, maustaminen","slug":"oljyt-mausteet-maustaminen-1","__typename":"HierarchyPathItem"}],"isGlobalFallback":null,"countryName":{"fi":"Suomi","__typename":"CountryName"}},{"id":"6414203310158","ean":"6414203310158","name":"Meira Cashewpähkinä 170g","price":4.85,"storeId":725782447,"__typename":"Product","approxPrice":false,"basicQuantityUnit":"KPL","comparisonPrice":28.53,"comparisonUnit":"KGM","consumerPackageSize":null,"consumerPackageUnit":null,"priceUnit":"KPL","quantityMultiplier":1,"brandName":"Meira","slug":"meira-cashewpahkina-170g","isAgeLimitedByAlcohol":false,"frozen":false,"packagingLabels":["Sydänmerkki"],"packagingLabelCodes":["FINNISH_HEART_SYMBOL"],"hierarchyPath":[{"id":"Herkku_00000305","name":"Pähkinät","slug":"kuivatuotteet-ja-leivonta-1/siemenet-pahkinat-ja-kuivatut-hedelmat/pahkinat","__typename":"HierarchyPathItem"},{"id":"Herkku_00000050","name":"Siemenet, pähkinät ja kuivatut hedelmät","slug":"kuivatuotteet-ja-leivonta-1/siemenet-pahkinat-ja-kuivatut-hedelmat","__typename":"HierarchyPathItem"},{"id":"Herkku_00000007","name":"Kuivatuotteet ja leivonta","slug":"kuivatuotteet-ja-leivonta-1","__typename":"HierarchyPathItem"}],"isGlobalFallback":null,"countryName":null},{"id":"6414203310318","ean":"6414203310318","name":"Meira Hasselpähkinärouhe 80g","price":3.19,"storeId":725782447,"__typename":"Product","approxPrice":false,"basicQuantityUnit":"KPL","comparisonPrice":39.88,"comparisonUnit":"KGM","consumerPackageSize":null,"consumerPackageUnit":null,"priceUnit":"KPL","quantityMultiplier":1,"brandName":"Meira","slug":"meira-hasselpahkinarouhe-80g","isAgeLimitedByAlcohol":false,"frozen":false,"packagingLabels":["Sydänmerkki"],"packagingLabelCodes":["FINNISH_HEART_SYMBOL"],"hierarchyPath":[{"id":"Herkku_00000406","name":"Leivonta pähkinät&mantelit","slug":"kuivatuotteet-ja-leivonta-1/leivontatarvikkeet/leivonta-pahkinatandmantelit","__typename":"HierarchyPathItem"},{"id":"Herkku_00000072","name":"Leivontatarvikkeet","slug":"kuivatuotteet-ja-leivonta-1/leivontatarvikkeet","__typename":"HierarchyPathItem"},{"id":"Herkku_00000007","name":"Kuivatuotteet ja leivonta","slug":"kuivatuotteet-ja-leivonta-1","__typename":"HierarchyPathItem"}],"isGlobalFallback":null,"countryName":{"fi":"Turkki","__typename":"CountryName"}},{"id":"6414203311155","ean":"6414203311155","name":"Meira Manteli-rusinasekoitus 120g","price":2.15,"storeId":725782447,"__typename":"Product","approxPrice":false,"basicQuantityUnit":"KPL","comparisonPrice":17.92,"comparisonUnit":"KGM","consumerPackageSize":null,"consumerPackageUnit":null,"priceUnit":"KPL","quantityMultiplier":1,"brandName":"Meira","slug":"meira-manteli-rusinasekoitus-120g","isAgeLimitedByAlcohol":false,"frozen":false,"packagingLabels":["Sydänmerkki"],"packagingLabelCodes":["FINNISH_HEART_SYMBOL"],"hierarchyPath":[{"id":"Herkku_00000308","name":"Hedelmä-pähkinä sekoitukset","slug":"kuivatuotteet-ja-leivonta-1/siemenet-pahkinat-ja-kuivatut-hedelmat/hedelma-pahkina-sekoitukset","__typename":"HierarchyPathItem"},{"id":"Herkku_00000050","name":"Siemenet, pähkinät ja kuivatut hedelmät","slug":"kuivatuotteet-ja-leivonta-1/siemenet-pahkinat-ja-kuivatut-hedelmat","__typename":"HierarchyPathItem"},{"id":"Herkku_00000007","name":"Kuivatuotteet ja leivonta","slug":"kuivatuotteet-ja-leivonta-1","__typename":"HierarchyPathItem"}],"isGlobalFallback":null,"countryName":null},{"id":"6414203311414","ean":"6414203311414","name":"Meira Mantelijauhe 80g","price":2.79,"storeId":725782447,"__typename":"Product","approxPrice":false,"basicQuantityUnit":"KPL","comparisonPrice":34.88,"comparisonUnit":"KGM","consumerPackageSize":null,"consumerPackageUnit":null,"priceUnit":"KPL","quantityMultiplier":1,"brandName":"Meira","slug":"meira-mantelijauhe-80g","isAgeLimitedByAlcohol":false,"frozen":false,"packagingLabels":["Sydänmerkki"],"packagingLabelCodes":["FINNISH_HEART_SYMBOL"],"hierarchyPath":[{"id":"Herkku_00000406","name":"Leivonta pähkinät&mantelit","slug":"kuivatuotteet-ja-leivonta-1/leivontatarvikkeet/leivonta-pahkinatandmantelit","__typename":"HierarchyPathItem"},{"id":"Herkku_00000072","name":"Leivontatarvikkeet","slug":"kuivatuotteet-ja-leivonta-1/leivontatarvikkeet","__typename":"HierarchyPathItem"},{"id":"Herkku_00000007","name":"Kuivatuotteet ja leivonta","slug":"kuivatuotteet-ja-leivonta-1","__typename":"HierarchyPathItem"}],"isGlobalFallback":null,"countryName":{"fi":"Yhdysvallat","__typename":"CountryName"}},{"id":"6414203405397","ean":"6414203405397","name":"Meira Liivatelehti 20g","price":1.45,"storeId":725782447,"__typename":"Product","approxPrice":false,"basicQuantityUnit":"KPL","comparisonPrice":72.5,"comparisonUnit":"KGM","consumerPackageSize":null,"consumerPackageUnit":null,"priceUnit":"KPL","quantityMultiplier":1,"brandName":"Meira","slug":"meira-liivatelehti-20g","isAgeLimitedByAlcohol":false,"frozen":false,"packagingLabels":[],"packagingLabelCodes":[],"hierarchyPath":[{"id":"Herkku_00000407","name":"Leivontaperustuotteet","slug":"kuivatuotteet-ja-leivonta-1/leivontatarvikkeet/leivontaperustuotteet","__typename":"HierarchyPathItem"},{"id":"Herkku_00000072","name":"Leivontatarvikkeet","slug":"kuivatuotteet-ja-leivonta-1/leivontatarvikkeet","__typename":"HierarchyPathItem"},{"id":"Herkku_00000007","name":"Kuivatuotteet ja leivonta","slug":"kuivatuotteet-ja-leivonta-1","__typename":"HierarchyPathItem"}],"isGlobalFallback":null,"countryName":{"fi":"Saksa","__typename":"CountryName"}},{"id":"6414203405984","ean":"6414203405984","name":"Meira Vaniljasokeri 85g","price":2.39,"storeId":725782447,"__typename":"Product","approxPrice":false,"basicQuantityUnit":"KPL","comparisonPrice":28.12,"comparisonUnit":"KGM","consumerPackageSize":null,"consumerPackageUnit":null,"priceUnit":"KPL","quantityMultiplier":1,"brandName":"Meira","slug":"meira-vaniljasokeri-85g","isAgeLimitedByAlcohol":false,"frozen":false,"packagingLabels":[],"packagingLabelCodes":[],"hierarchyPath":[{"id":"Herkku_00000407","name":"Leivontaperustuotteet","slug":"kuivatuotteet-ja-leivonta-1/leivontatarvikkeet/leivontaperustuotteet","__typename":"HierarchyPathItem"},{"id":"Herkku_00000072","name":"Leivontatarvikkeet","slug":"kuivatuotteet-ja-leivonta-1/leivontatarvikkeet","__typename":"HierarchyPathItem"},{"id":"Herkku_00000007","name":"Kuivatuotteet ja leivonta","slug":"kuivatuotteet-ja-leivonta-1","__typename":"HierarchyPathItem"}],"isGlobalFallback":null,"countryName":{"fi":"Ruotsi","__typename":"CountryName"}},{"id":"6414203450175","ean":"6414203450175","name":"Meira Merisuola karkea 800g","price":0.95,"storeId":725782447,"__typename":"Product","approxPrice":false,"basicQuantityUnit":"KPL","comparisonPrice":1.19,"comparisonUnit":"KGM","consumerPackageSize":null,"consumerPackageUnit":null,"priceUnit":"KPL","quantityMultiplier":1,"brandName":"Meira","slug":"meira-merisuola-karkea-800g","isAgeLimitedByAlcohol":false,"frozen":false,"packagingLabels":[],"packagingLabelCodes":[],"hierarchyPath":[{"id":"Herkku_00000434","name":"Merisuola","slug":"oljyt-mausteet-maustaminen-1/suolat/merisuola","__typename":"HierarchyPathItem"},{"id":"Herkku_00000080","name":"Suolat","slug":"oljyt-mausteet-maustaminen-1/suolat","__typename":"HierarchyPathItem"},{"id":"Herkku_00000011","name":"Öljyt, mausteet, maustaminen","slug":"oljyt-mausteet-maustaminen-1","__typename":"HierarchyPathItem"}],"isGlobalFallback":null,"countryName":{"fi":"Espanja","__typename":"CountryName"}},{"id":"6414300084983","ean":"6414300084983","name":"Serla Handy talouspaperiarkki 135kpl","price":2.99,"storeId":725782447,"__typename":"Product","approxPrice":false,"basicQuantityUnit":"KPL","comparisonPrice":0.02,"comparisonUnit":"PCE","consumerPackageSize":null,"consumerPackageUnit":null,"priceUnit":"KPL","quantityMultiplier":1,"brandName":"Serla","slug":"serla-handy-talouspaperiarkki-135kpl","isAgeLimitedByAlcohol":false,"frozen":false,"packagingLabels":["Avainlippu"," Pohjoismainen ympäristömerkki (Joutsen)"],"packagingLabelCodes":["MADE_IN_FINLAND_FLAG_WITH_KEY"," SVANEN"],"hierarchyPath":[{"id":"1591691234596264","name":"Talouspaperit","slug":"kodinhoito-ja-taloustarvikkeet/kodin-paperit/talouspaperit","__typename":"HierarchyPathItem"},{"id":"1591691234596259","name":"Kodin paperit","slug":"kodinhoito-ja-taloustarvikkeet/kodin-paperit","__typename":"HierarchyPathItem"},{"id":"1591691234596256","name":"Kodinhoito ja taloustarvikkeet","slug":"kodinhoito-ja-taloustarvikkeet","__typename":"HierarchyPathItem"}],"isGlobalFallback":null,"countryName":{"fi":"Suomi","__typename":"CountryName"}},{"id":"6414300089438","ean":"6414300089438","name":"Serla Silkinpehmeä nenäliina 100kpl","price":2.95,"storeId":725782447,"__typename":"Product","approxPrice":false,"basicQuantityUnit":"KPL","comparisonPrice":0.03,"comparisonUnit":"PCE","consumerPackageSize":null,"consumerPackageUnit":null,"priceUnit":"KPL","quantityMultiplier":1,"brandName":"Serla","slug":"serla-silkinpehmea-nenaliina-100kpl","isAgeLimitedByAlcohol":false,"frozen":false,"packagingLabels":["Allergia- ja astmaliiton merkki"," Avainlippu"," Pohjoismainen ympäristömerkki (Joutsen)"],"packagingLabelCodes":["LABEL_OF_THE_ALLERGY_AND_ASTHMA_FEDERATION"," MADE_IN_FINLAND_FLAG_WITH_KEY"," SVANEN"],"hierarchyPath":[{"id":"1591691234596265","name":"Nenäliinat","slug":"kodinhoito-ja-taloustarvikkeet/kodin-paperit/nenaliinat","__typename":"HierarchyPathItem"},{"id":"1591691234596259","name":"Kodin paperit","slug":"kodinhoito-ja-taloustarvikkeet/kodin-paperit","__typename":"HierarchyPathItem"},{"id":"1591691234596256","name":"Kodinhoito ja taloustarvikkeet","slug":"kodinhoito-ja-taloustarvikkeet","__typename":"HierarchyPathItem"}],"isGlobalFallback":null,"countryName":{"fi":"Suomi","__typename":"CountryName"}},{"id":"6414405303002","ean":"6414405303002","name":"Mr Muscle 250 ml Uunin- ja grillinpuhdistaja","price":3.29,"storeId":725782447,"__typename":"Product","approxPrice":false,"basicQuantityUnit":"KPL","comparisonPrice":13.16,"comparisonUnit":"LTR","consumerPackageSize":null,"consumerPackageUnit":null,"priceUnit":"KPL","quantityMultiplier":1,"brandName":"Mr Muscle","slug":"mr-muscle-250-ml-uunin-ja-grillinpuhdistaja","isAgeLimitedByAlcohol":false,"frozen":false,"packagingLabels":["Avainlippu"," Vaaraton otsonikerrokselle"],"packagingLabelCodes":["MADE_IN_FINLAND_FLAG_WITH_KEY"," OZONE_FRIENDLY_GENERAL_CLAIM"],"hierarchyPath":[{"id":"1591691234596340","name":"Keittiön puhdistusaineet","slug":"kodinhoito-ja-taloustarvikkeet/siivous-ja-puhdistusaineet/keittion-puhdistusaineet","__typename":"HierarchyPathItem"},{"id":"1591691234596327","name":"Siivous ja puhdistusaineet","slug":"kodinhoito-ja-taloustarvikkeet/siivous-ja-puhdistusaineet","__typename":"HierarchyPathItem"},{"id":"1591691234596256","name":"Kodinhoito ja taloustarvikkeet","slug":"kodinhoito-ja-taloustarvikkeet","__typename":"HierarchyPathItem"}],"isGlobalFallback":null,"countryName":{"fi":"Suomi","__typename":"CountryName"}},{"id":"6414405618007","ean":"6414405618007","name":"Medisoft 100ml Käsidesinfiointigeeli","price":2.59,"storeId":725782447,"__typename":"Product","approxPrice":false,"basicQuantityUnit":"KPL","comparisonPrice":25.9,"comparisonUnit":"LTR","consumerPackageSize":null,"consumerPackageUnit":null,"priceUnit":"KPL","quantityMultiplier":1,"brandName":"Medisoft","slug":"medisoft-100ml-kasidesinfiointigeeli","isAgeLimitedByAlcohol":false,"frozen":false,"packagingLabels":["Avainlippu"],"packagingLabelCodes":["MADE_IN_FINLAND_FLAG_WITH_KEY"],"hierarchyPath":[{"id":"1591691233571282","name":"Laastarit ja haavanhoitotuotteet","slug":"kosmetiikka-ja-hygienia/intiimihygienia-ja-intiimituotteet/laastarit-ja-haavanhoitotuotteet","__typename":"HierarchyPathItem"},{"id":"1591691233571247","name":"Intiimihygienia ja intiimituotteet","slug":"kosmetiikka-ja-hygienia/intiimihygienia-ja-intiimituotteet","__typename":"HierarchyPathItem"},{"id":"1591691233334707","name":"Kosmetiikka ja hygienia","slug":"kosmetiikka-ja-hygienia","__typename":"HierarchyPathItem"}],"isGlobalFallback":null,"countryName":{"fi":"Suomi","__typename":"CountryName"}},{"id":"6414504109529","ean":"6414504109529","name":"XZ 250ml Aito shampoo normaalit hiukset","price":3.29,"storeId":725782447,"__typename":"Product","approxPrice":false,"basicQuantityUnit":"KPL","comparisonPrice":13.16,"comparisonUnit":"LTR","consumerPackageSize":null,"consumerPackageUnit":null,"priceUnit":"KPL","quantityMultiplier":1,"brandName":"XZ","slug":"xz-250ml-aito-shampoo-normaalit-hiukset","isAgeLimitedByAlcohol":false,"frozen":false,"packagingLabels":["Avainlippu"],"packagingLabelCodes":["MADE_IN_FINLAND_FLAG_WITH_KEY"],"hierarchyPath":[{"id":"1591691233415301","name":"Shampoot","slug":"kosmetiikka-ja-hygienia/hiukset-ja-hiustenhoito/shampoot","__typename":"HierarchyPathItem"},{"id":"1591691233415300","name":"Hiukset ja hiustenhoito","slug":"kosmetiikka-ja-hygienia/hiukset-ja-hiustenhoito","__typename":"HierarchyPathItem"},{"id":"1591691233334707","name":"Kosmetiikka ja hygienia","slug":"kosmetiikka-ja-hygienia","__typename":"HierarchyPathItem"}],"isGlobalFallback":null,"countryName":{"fi":"Suomi","__typename":"CountryName"}},{"id":"6414504109628","ean":"6414504109628","name":"XZ 250ml Teho hilseshampoo","price":3.29,"storeId":725782447,"__typename":"Product","approxPrice":false,"basicQuantityUnit":"KPL","comparisonPrice":13.16,"comparisonUnit":"LTR","consumerPackageSize":null,"consumerPackageUnit":null,"priceUnit":"KPL","quantityMultiplier":1,"brandName":"XZ","slug":"xz-250ml-teho-hilseshampoo","isAgeLimitedByAlcohol":false,"frozen":false,"packagingLabels":["Avainlippu"],"packagingLabelCodes":["MADE_IN_FINLAND_FLAG_WITH_KEY"],"hierarchyPath":[{"id":"1591691233415301","name":"Shampoot","slug":"kosmetiikka-ja-hygienia/hiukset-ja-hiustenhoito/shampoot","__typename":"HierarchyPathItem"},{"id":"1591691233415300","name":"Hiukset ja hiustenhoito","slug":"kosmetiikka-ja-hygienia/hiukset-ja-hiustenhoito","__typename":"HierarchyPathItem"},{"id":"1591691233334707","name":"Kosmetiikka ja hygienia","slug":"kosmetiikka-ja-hygienia","__typename":"HierarchyPathItem"}],"isGlobalFallback":null,"countryName":{"fi":"Suomi","__typename":"CountryName"}},{"id":"6414504109642","ean":"6414504109642","name":"XZ 200ml Aito hoitoaine normaaleille hiuksille","price":3.29,"storeId":725782447,"__typename":"Product","approxPrice":false,"basicQuantityUnit":"KPL","comparisonPrice":16.45,"comparisonUnit":"LTR","consumerPackageSize":null,"consumerPackageUnit":null,"priceUnit":"KPL","quantityMultiplier":1,"brandName":"XZ","slug":"xz-200ml-aito-hoitoaine-normaaleille-hiuksille","isAgeLimitedByAlcohol":false,"frozen":false,"packagingLabels":["Avainlippu"],"packagingLabelCodes":["MADE_IN_FINLAND_FLAG_WITH_KEY"],"hierarchyPath":[{"id":"1591691233415303","name":"Hiustenhoitoaineet","slug":"kosmetiikka-ja-hygienia/hiukset-ja-hiustenhoito/hiustenhoitoaineet","__typename":"HierarchyPathItem"},{"id":"1591691233415300","name":"Hiukset ja hiustenhoito","slug":"kosmetiikka-ja-hygienia/hiukset-ja-hiustenhoito","__typename":"HierarchyPathItem"},{"id":"1591691233334707","name":"Kosmetiikka ja hygienia","slug":"kosmetiikka-ja-hygienia","__typename":"HierarchyPathItem"}],"isGlobalFallback":null,"countryName":{"fi":"Suomi","__typename":"CountryName"}},{"id":"6414504174565","ean":"6414504174565","name":"Ainu 100 ml hoitovoide","price":3.79,"storeId":725782447,"__typename":"Product","approxPrice":false,"basicQuantityUnit":"KPL","comparisonPrice":37.9,"comparisonUnit":"LTR","consumerPackageSize":null,"consumerPackageUnit":null,"priceUnit":"KPL","quantityMultiplier":1,"brandName":"Ainu","slug":"ainu-100-ml-hoitovoide","isAgeLimitedByAlcohol":false,"frozen":false,"packagingLabels":["Avainlippu"],"packagingLabelCodes":["MADE_IN_FINLAND_FLAG_WITH_KEY"],"hierarchyPath":[{"id":"1591691232339327","name":"Vauvan ihohoitotuotteet","slug":"lapset-1/puhdistus-ja-hygienia/vauvan-ihohoitotuotteet","__typename":"HierarchyPathItem"},{"id":"1591691232339326","name":"Puhdistus ja hygienia","slug":"lapset-1/puhdistus-ja-hygienia","__typename":"HierarchyPathItem"},{"id":"Herkku_00000010","name":"Lapset","slug":"lapset-1","__typename":"HierarchyPathItem"}],"isGlobalFallback":null,"countryName":{"fi":"Suomi","__typename":"CountryName"}},{"id":"6414504296137","ean":"6414504296137","name":"LV 250ml shampoo","price":3.29,"storeId":725782447,"__typename":"Product","approxPrice":false,"basicQuantityUnit":"KPL","comparisonPrice":13.16,"comparisonUnit":"LTR","consumerPackageSize":null,"consumerPackageUnit":null,"priceUnit":"KPL","quantityMultiplier":1,"brandName":"LV","slug":"lv-250ml-shampoo","isAgeLimitedByAlcohol":false,"frozen":false,"packagingLabels":["Allergia- ja astmaliiton merkki"," Avainlippu"],"packagingLabelCodes":["LABEL_OF_THE_ALLERGY_AND_ASTHMA_FEDERATION"," MADE_IN_FINLAND_FLAG_WITH_KEY"],"hierarchyPath":[{"id":"1591691233415301","name":"Shampoot","slug":"kosmetiikka-ja-hygienia/hiukset-ja-hiustenhoito/shampoot","__typename":"HierarchyPathItem"},{"id":"1591691233415300","name":"Hiukset ja hiustenhoito","slug":"kosmetiikka-ja-hygienia/hiukset-ja-hiustenhoito","__typename":"HierarchyPathItem"},{"id":"1591691233334707","name":"Kosmetiikka ja hygienia","slug":"kosmetiikka-ja-hygienia","__typename":"HierarchyPathItem"}],"isGlobalFallback":null,"countryName":{"fi":"Suomi","__typename":"CountryName"}},{"id":"6414504726238","ean":"6414504726238","name":"XZ 250ml Men 2-in-1 vahvistava shampoo","price":3.29,"storeId":725782447,"__typename":"Product","approxPrice":false,"basicQuantityUnit":"KPL","comparisonPrice":13.16,"comparisonUnit":"LTR","consumerPackageSize":null,"consumerPackageUnit":null,"priceUnit":"KPL","quantityMultiplier":1,"brandName":"XZ","slug":"xz-250ml-men-2-in-1-vahvistava-shampoo","isAgeLimitedByAlcohol":false,"frozen":false,"packagingLabels":["Avainlippu"],"packagingLabelCodes":["MADE_IN_FINLAND_FLAG_WITH_KEY"],"hierarchyPath":[{"id":"1591691233415301","name":"Shampoot","slug":"kosmetiikka-ja-hygienia/hiukset-ja-hiustenhoito/shampoot","__typename":"HierarchyPathItem"},{"id":"1591691233415300","name":"Hiukset ja hiustenhoito","slug":"kosmetiikka-ja-hygienia/hiukset-ja-hiustenhoito","__typename":"HierarchyPathItem"},{"id":"1591691233334707","name":"Kosmetiikka ja hygienia","slug":"kosmetiikka-ja-hygienia","__typename":"HierarchyPathItem"}],"isGlobalFallback":null,"countryName":{"fi":"Suomi","__typename":"CountryName"}},{"id":"6414504786720","ean":"6414504786720","name":"XZ 250ml Muumi 2in1 Shampoo ja Hoitoaine","price":3.29,"storeId":725782447,"__typename":"Product","approxPrice":false,"basicQuantityUnit":"KPL","comparisonPrice":13.16,"comparisonUnit":"LTR","consumerPackageSize":null,"consumerPackageUnit":null,"priceUnit":"KPL","quantityMultiplier":1,"brandName":"XZ","slug":"xz-250ml-muumi-2in1-shampoo-ja-hoitoaine","isAgeLimitedByAlcohol":false,"frozen":false,"packagingLabels":["Avainlippu"],"packagingLabelCodes":["MADE_IN_FINLAND_FLAG_WITH_KEY"],"hierarchyPath":[{"id":"1591691233415301","name":"Shampoot","slug":"kosmetiikka-ja-hygienia/hiukset-ja-hiustenhoito/shampoot","__typename":"HierarchyPathItem"},{"id":"1591691233415300","name":"Hiukset ja hiustenhoito","slug":"kosmetiikka-ja-hygienia/hiukset-ja-hiustenhoito","__typename":"HierarchyPathItem"},{"id":"1591691233334707","name":"Kosmetiikka ja hygienia","slug":"kosmetiikka-ja-hygienia","__typename":"HierarchyPathItem"}],"isGlobalFallback":null,"countryName":{"fi":"Suomi","__typename":"CountryName"}},{"id":"6414504816939","ean":"6414504816939","name":"Rajamäen Väkiviinaetikka  0,4l","price":1.89,"storeId":725782447,"__typename":"Product","approxPrice":false,"basicQuantityUnit":"KPL","comparisonPrice":4.72,"comparisonUnit":"LTR","consumerPackageSize":null,"consumerPackageUnit":null,"priceUnit":"KPL","quantityMultiplier":1,"brandName":"Rajamäen","slug":"rajamaen-vakiviinaetikka-0-4l","isAgeLimitedByAlcohol":false,"frozen":false,"packagingLabels":["Hyvää Suomesta (Sininen Joutsen)"],"packagingLabelCodes":["GOODS_FROM_FINLAND_BLUE_SWAN"],"hierarchyPath":[{"id":"Herkku_00000445","name":"Muut etikat","slug":"oljyt-mausteet-maustaminen-1/etikat-ja-balsamicot/muut-etikat","__typename":"HierarchyPathItem"},{"id":"Herkku_00000082","name":"Etikat ja balsamicot","slug":"oljyt-mausteet-maustaminen-1/etikat-ja-balsamicot","__typename":"HierarchyPathItem"},{"id":"Herkku_00000011","name":"Öljyt, mausteet, maustaminen","slug":"oljyt-mausteet-maustaminen-1","__typename":"HierarchyPathItem"}],"isGlobalFallback":null,"countryName":{"fi":"Suomi","__typename":"CountryName"}},{"id":"6414504931205","ean":"6414504931205","name":"LV 200ml Perusvoide, kosteuttava","price":4.69,"storeId":725782447,"__typename":"Product","approxPrice":false,"basicQuantityUnit":"KPL","comparisonPrice":23.45,"comparisonUnit":"LTR","consumerPackageSize":null,"consumerPackageUnit":null,"priceUnit":"KPL","quantityMultiplier":1,"brandName":"LV","slug":"lv-200ml-perusvoide-kosteuttava","isAgeLimitedByAlcohol":false,"frozen":false,"packagingLabels":["Allergia- ja astmaliiton merkki"," Avainlippu"],"packagingLabelCodes":["LABEL_OF_THE_ALLERGY_AND_ASTHMA_FEDERATION"," MADE_IN_FINLAND_FLAG_WITH_KEY"],"hierarchyPath":[{"id":"1591691233375134","name":"Vartalonhoito","slug":"kosmetiikka-ja-hygienia/ihonhoito/vartalonhoito","__typename":"HierarchyPathItem"},{"id":"1591691233375123","name":"Ihonhoito","slug":"kosmetiikka-ja-hygienia/ihonhoito","__typename":"HierarchyPathItem"},{"id":"1591691233334707","name":"Kosmetiikka ja hygienia","slug":"kosmetiikka-ja-hygienia","__typename":"HierarchyPathItem"}],"isGlobalFallback":null,"countryName":{"fi":"Suomi","__typename":"CountryName"}},{"id":"6414505023251","ean":"6414505023251","name":"LV 100ml Käsidesinfiointi geeli EN 14476 Noro","price":2.69,"storeId":725782447,"__typename":"Product","approxPrice":false,"basicQuantityUnit":"KPL","comparisonPrice":26.9,"comparisonUnit":"LTR","consumerPackageSize":null,"consumerPackageUnit":null,"priceUnit":"KPL","quantityMultiplier":1,"brandName":"LV","slug":"lv-100ml-kasidesinfiointi-geeli-en-14476-noro","isAgeLimitedByAlcohol":false,"frozen":false,"packagingLabels":["Allergia- ja astmaliiton merkki"," Avainlippu"],"packagingLabelCodes":["LABEL_OF_THE_ALLERGY_AND_ASTHMA_FEDERATION"," MADE_IN_FINLAND_FLAG_WITH_KEY"],"hierarchyPath":[{"id":"1591691233571282","name":"Laastarit ja haavanhoitotuotteet","slug":"kosmetiikka-ja-hygienia/intiimihygienia-ja-intiimituotteet/laastarit-ja-haavanhoitotuotteet","__typename":"HierarchyPathItem"},{"id":"1591691233571247","name":"Intiimihygienia ja intiimituotteet","slug":"kosmetiikka-ja-hygienia/intiimihygienia-ja-intiimituotteet","__typename":"HierarchyPathItem"},{"id":"1591691233334707","name":"Kosmetiikka ja hygienia","slug":"kosmetiikka-ja-hygienia","__typename":"HierarchyPathItem"}],"isGlobalFallback":null,"countryName":{"fi":"Suomi","__typename":"CountryName"}},{"id":"6414505116571","ean":"6414505116571","name":"Ainu 300ml Pesuneste hajusteeton","price":3.75,"storeId":725782447,"__typename":"Product","approxPrice":false,"basicQuantityUnit":"KPL","comparisonPrice":12.5,"comparisonUnit":"LTR","consumerPackageSize":null,"consumerPackageUnit":null,"priceUnit":"KPL","quantityMultiplier":1,"brandName":"Ainu","slug":"ainu-300ml-pesuneste-hajusteeton","isAgeLimitedByAlcohol":false,"frozen":false,"packagingLabels":["Avainlippu"," Kierrätysmerkki"],"packagingLabelCodes":["MADE_IN_FINLAND_FLAG_WITH_KEY"," RECYCLABLE_GENERAL_CLAIM"],"hierarchyPath":[{"id":"1591691232339329","name":"Vauvan shampoot ja pesunesteet","slug":"lapset-1/puhdistus-ja-hygienia/vauvan-shampoot-ja-pesunesteet","__typename":"HierarchyPathItem"},{"id":"1591691232339326","name":"Puhdistus ja hygienia","slug":"lapset-1/puhdistus-ja-hygienia","__typename":"HierarchyPathItem"},{"id":"Herkku_00000010","name":"Lapset","slug":"lapset-1","__typename":"HierarchyPathItem"}],"isGlobalFallback":null,"countryName":{"fi":"Suomi","__typename":"CountryName"}},{"id":"6414505166910","ean":"6414505166910","name":"XZ Muumi lahjapakkaus 2022","price":8.9,"storeId":725782447,"__typename":"Product","approxPrice":false,"basicQuantityUnit":"KPL","comparisonPrice":2.97,"comparisonUnit":"PCE","consumerPackageSize":null,"consumerPackageUnit":null,"priceUnit":"KPL","quantityMultiplier":1,"brandName":"XZ","slug":"xz-muumi-lahjapakkaus-2022","isAgeLimitedByAlcohol":false,"frozen":false,"packagingLabels":[],"packagingLabelCodes":[],"hierarchyPath":[{"id":"1591691233832765","name":"Lahjapakkaukset","slug":"kosmetiikka-ja-hygienia/muut-kosmetiikka-ja-hygieniatuotteet/lahjapakkaukset","__typename":"HierarchyPathItem"},{"id":"1591691233832153","name":"Muut kosmetiikka ja hygieniatuotteet","slug":"kosmetiikka-ja-hygienia/muut-kosmetiikka-ja-hygieniatuotteet","__typename":"HierarchyPathItem"},{"id":"1591691233334707","name":"Kosmetiikka ja hygienia","slug":"kosmetiikka-ja-hygienia","__typename":"HierarchyPathItem"}],"isGlobalFallback":null,"countryName":{"fi":"Suomi","__typename":"CountryName"}},{"id":"6414630020088","ean":"6414630020088","name":"Hauska Pieni 30kpl 200x300 vihreä biohajoava koirankakkapussi","price":2.35,"storeId":725782447,"__typename":"Product","approxPrice":false,"basicQuantityUnit":"KPL","comparisonPrice":0.08,"comparisonUnit":"PCE","consumerPackageSize":null,"consumerPackageUnit":null,"priceUnit":"KPL","quantityMultiplier":1,"brandName":"Hauska","slug":"hauska-pieni-30kpl-200x300-vihrea-biohajoava-koirankakkapussi","isAgeLimitedByAlcohol":false,"frozen":false,"packagingLabels":["Avainlippu"],"packagingLabelCodes":["MADE_IN_FINLAND_FLAG_WITH_KEY"],"hierarchyPath":[{"id":"Herkku_00000522","name":"Koiran tarvikkeet","slug":"lemmikit-1/lemmikkien-muut-tarvikkeet/koiran-tarvikkeet","__typename":"HierarchyPathItem"},{"id":"Herkku_00000096","name":"Lemmikkien muut tarvikkeet","slug":"lemmikit-1/lemmikkien-muut-tarvikkeet","__typename":"HierarchyPathItem"},{"id":"Herkku_00000012","name":"Lemmikit","slug":"lemmikit-1","__typename":"HierarchyPathItem"}],"isGlobalFallback":null,"countryName":{"fi":"Suomi","__typename":"CountryName"}},{"id":"6414630022013","ean":"6414630022013","name":"Sanka-Bioska 20L biojätekassi","price":5.09,"storeId":725782447,"__typename":"Product","approxPrice":false,"basicQuantityUnit":"KPL","comparisonPrice":0.17,"comparisonUnit":"PCE","consumerPackageSize":null,"consumerPackageUnit":null,"priceUnit":"KPL","quantityMultiplier":1,"brandName":"Bioska","slug":"sanka-bioska-20l-biojatekassi","isAgeLimitedByAlcohol":false,"frozen":false,"packagingLabels":["Avainlippu"," COMPOSTABLE_ DIN_CERTCO"," OK Compost label by Vincotte"],"packagingLabelCodes":["COMPOSTABLE_DIN_CERTCO"," MADE_IN_FINLAND_FLAG_WITH_KEY"," OK_COMPOST_VINCOTTE"],"hierarchyPath":[{"id":"1591691234699067","name":"Jätesäkit ja -kassit","slug":"kodinhoito-ja-taloustarvikkeet/muu-kodinhoito-ja-taloustarvikkeet/jatesakit-ja-kassit","__typename":"HierarchyPathItem"},{"id":"1591691234699051","name":"Muu kodinhoito ja taloustarvikkeet","slug":"kodinhoito-ja-taloustarvikkeet/muu-kodinhoito-ja-taloustarvikkeet","__typename":"HierarchyPathItem"},{"id":"1591691234596256","name":"Kodinhoito ja taloustarvikkeet","slug":"kodinhoito-ja-taloustarvikkeet","__typename":"HierarchyPathItem"}],"isGlobalFallback":null,"countryName":{"fi":"Suomi","__typename":"CountryName"}},{"id":"6414880021132","ean":"6414880021132","name":"Ilta-Sanomat","price":2,"storeId":725782447,"__typename":"Product","approxPrice":false,"basicQuantityUnit":"KPL","comparisonPrice":2,"comparisonUnit":"PCE","consumerPackageSize":null,"consumerPackageUnit":null,"priceUnit":"KPL","quantityMultiplier":1,"brandName":null,"slug":"ilta-sanomat","isAgeLimitedByAlcohol":false,"frozen":false,"packagingLabels":[],"packagingLabelCodes":[],"hierarchyPath":[{"id":"1591691235884272","name":"Iltapäivälehdet","slug":"koti-ja-vapaa-aika/lehdet/iltapaivalehdet","__typename":"HierarchyPathItem"},{"id":"1591691235308100","name":"Lehdet","slug":"koti-ja-vapaa-aika/lehdet","__typename":"HierarchyPathItem"},{"id":"Herkku_00000002","name":"Koti ja vapaa-aika","slug":"koti-ja-vapaa-aika","__typename":"HierarchyPathItem"}],"isGlobalFallback":null,"countryName":{"fi":"Suomi","__typename":"CountryName"}},{"id":"6414880022467","ean":"6414880022467","name":"Ilta-Sanomat TV-Lehti","price":1.8,"storeId":725782447,"__typename":"Product","approxPrice":false,"basicQuantityUnit":"KPL","comparisonPrice":1.8,"comparisonUnit":"PCE","consumerPackageSize":null,"consumerPackageUnit":null,"priceUnit":"KPL","quantityMultiplier":1,"brandName":null,"slug":"ilta-sanomat-tv-lehti","isAgeLimitedByAlcohol":false,"frozen":false,"packagingLabels":[],"packagingLabelCodes":[],"hierarchyPath":[{"id":"1591691235884272","name":"Iltapäivälehdet","slug":"koti-ja-vapaa-aika/lehdet/iltapaivalehdet","__typename":"HierarchyPathItem"},{"id":"1591691235308100","name":"Lehdet","slug":"koti-ja-vapaa-aika/lehdet","__typename":"HierarchyPathItem"},{"id":"Herkku_00000002","name":"Koti ja vapaa-aika","slug":"koti-ja-vapaa-aika","__typename":"HierarchyPathItem"}],"isGlobalFallback":null,"countryName":{"fi":"Suomi","__typename":"CountryName"}},{"id":"6414880251140","ean":"6414880251140","name":"Iltalehti","price":2,"storeId":725782447,"__typename":"Product","approxPrice":false,"basicQuantityUnit":"KPL","comparisonPrice":2,"comparisonUnit":"PCE","consumerPackageSize":null,"consumerPackageUnit":null,"priceUnit":"KPL","quantityMultiplier":1,"brandName":null,"slug":"iltalehti","isAgeLimitedByAlcohol":false,"frozen":false,"packagingLabels":[],"packagingLabelCodes":[],"hierarchyPath":[{"id":"1591691235884272","name":"Iltapäivälehdet","slug":"koti-ja-vapaa-aika/lehdet/iltapaivalehdet","__typename":"HierarchyPathItem"},{"id":"1591691235308100","name":"Lehdet","slug":"koti-ja-vapaa-aika/lehdet","__typename":"HierarchyPathItem"},{"id":"Herkku_00000002","name":"Koti ja vapaa-aika","slug":"koti-ja-vapaa-aika","__typename":"HierarchyPathItem"}],"isGlobalFallback":null,"countryName":{"fi":"Suomi","__typename":"CountryName"}},{"id":"6414881645092","ean":"6414881645092","name":"Alibi","price":9.95,"storeId":725782447,"__typename":"Product","approxPrice":false,"basicQuantityUnit":"KPL","comparisonPrice":9.95,"comparisonUnit":"PCE","consumerPackageSize":null,"consumerPackageUnit":null,"priceUnit":"KPL","quantityMultiplier":1,"brandName":null,"slug":"alibi","isAgeLimitedByAlcohol":false,"frozen":false,"packagingLabels":[],"packagingLabelCodes":[],"hierarchyPath":[{"id":"1591691235308101","name":"Aikakauslehdet","slug":"koti-ja-vapaa-aika/lehdet/aikakauslehdet","__typename":"HierarchyPathItem"},{"id":"1591691235308100","name":"Lehdet","slug":"koti-ja-vapaa-aika/lehdet","__typename":"HierarchyPathItem"},{"id":"Herkku_00000002","name":"Koti ja vapaa-aika","slug":"koti-ja-vapaa-aika","__typename":"HierarchyPathItem"}],"isGlobalFallback":null,"countryName":{"fi":"Suomi","__typename":"CountryName"}},{"id":"6414881690603","ean":"6414881690603","name":"Glorian Koti","price":13.9,"storeId":725782447,"__typename":"Product","approxPrice":false,"basicQuantityUnit":"KPL","comparisonPrice":13.9,"comparisonUnit":"PCE","consumerPackageSize":null,"consumerPackageUnit":null,"priceUnit":"KPL","quantityMultiplier":1,"brandName":null,"slug":"glorian-koti","isAgeLimitedByAlcohol":false,"frozen":false,"packagingLabels":[],"packagingLabelCodes":[],"hierarchyPath":[{"id":"1591691235308101","name":"Aikakauslehdet","slug":"koti-ja-vapaa-aika/lehdet/aikakauslehdet","__typename":"HierarchyPathItem"},{"id":"1591691235308100","name":"Lehdet","slug":"koti-ja-vapaa-aika/lehdet","__typename":"HierarchyPathItem"},{"id":"Herkku_00000002","name":"Koti ja vapaa-aika","slug":"koti-ja-vapaa-aika","__typename":"HierarchyPathItem"}],"isGlobalFallback":null,"countryName":{"fi":"Suomi","__typename":"CountryName"}},{"id":"6414881770060","ean":"6414881770060","name":"Apu","price":3.95,"storeId":725782447,"__typename":"Product","approxPrice":false,"basicQuantityUnit":"KPL","comparisonPrice":3.95,"comparisonUnit":"PCE","consumerPackageSize":null,"consumerPackageUnit":null,"priceUnit":"KPL","quantityMultiplier":1,"brandName":null,"slug":"apu","isAgeLimitedByAlcohol":false,"frozen":false,"packagingLabels":[],"packagingLabelCodes":[],"hierarchyPath":[{"id":"1591691235308101","name":"Aikakauslehdet","slug":"koti-ja-vapaa-aika/lehdet/aikakauslehdet","__typename":"HierarchyPathItem"},{"id":"1591691235308100","name":"Lehdet","slug":"koti-ja-vapaa-aika/lehdet","__typename":"HierarchyPathItem"},{"id":"Herkku_00000002","name":"Koti ja vapaa-aika","slug":"koti-ja-vapaa-aika","__typename":"HierarchyPathItem"}],"isGlobalFallback":null,"countryName":{"fi":"Suomi","__typename":"CountryName"}},{"id":"6414881925002","ean":"6414881925002","name":"Avotakka","price":11.9,"storeId":725782447,"__typename":"Product","approxPrice":false,"basicQuantityUnit":"KPL","comparisonPrice":11.9,"comparisonUnit":"PCE","consumerPackageSize":null,"consumerPackageUnit":null,"priceUnit":"KPL","quantityMultiplier":1,"brandName":null,"slug":"avotakka","isAgeLimitedByAlcohol":false,"frozen":false,"packagingLabels":[],"packagingLabelCodes":[],"hierarchyPath":[{"id":"1591691235308101","name":"Aikakauslehdet","slug":"koti-ja-vapaa-aika/lehdet/aikakauslehdet","__typename":"HierarchyPathItem"},{"id":"1591691235308100","name":"Lehdet","slug":"koti-ja-vapaa-aika/lehdet","__typename":"HierarchyPathItem"},{"id":"Herkku_00000002","name":"Koti ja vapaa-aika","slug":"koti-ja-vapaa-aika","__typename":"HierarchyPathItem"}],"isGlobalFallback":null,"countryName":{"fi":"Suomi","__typename":"CountryName"}},{"id":"6414882070015","ean":"6414882070015","name":"Eeva","price":12.9,"storeId":725782447,"__typename":"Product","approxPrice":false,"basicQuantityUnit":"KPL","comparisonPrice":12.9,"comparisonUnit":"PCE","consumerPackageSize":null,"consumerPackageUnit":null,"priceUnit":"KPL","quantityMultiplier":1,"brandName":null,"slug":"eeva","isAgeLimitedByAlcohol":false,"frozen":false,"packagingLabels":[],"packagingLabelCodes":[],"hierarchyPath":[{"id":"1591691235308101","name":"Aikakauslehdet","slug":"koti-ja-vapaa-aika/lehdet/aikakauslehdet","__typename":"HierarchyPathItem"},{"id":"1591691235308100","name":"Lehdet","slug":"koti-ja-vapaa-aika/lehdet","__typename":"HierarchyPathItem"},{"id":"Herkku_00000002","name":"Koti ja vapaa-aika","slug":"koti-ja-vapaa-aika","__typename":"HierarchyPathItem"}],"isGlobalFallback":null,"countryName":{"fi":"Suomi","__typename":"CountryName"}},{"id":"6414882179015","ean":"6414882179015","name":"ET","price":5.95,"storeId":725782447,"__typename":"Product","approxPrice":false,"basicQuantityUnit":"KPL","comparisonPrice":5.95,"comparisonUnit":"PCE","consumerPackageSize":null,"consumerPackageUnit":null,"priceUnit":"KPL","quantityMultiplier":1,"brandName":null,"slug":"et","isAgeLimitedByAlcohol":false,"frozen":false,"packagingLabels":[],"packagingLabelCodes":[],"hierarchyPath":[{"id":"1591691235308101","name":"Aikakauslehdet","slug":"koti-ja-vapaa-aika/lehdet/aikakauslehdet","__typename":"HierarchyPathItem"},{"id":"1591691235308100","name":"Lehdet","slug":"koti-ja-vapaa-aika/lehdet","__typename":"HierarchyPathItem"},{"id":"Herkku_00000002","name":"Koti ja vapaa-aika","slug":"koti-ja-vapaa-aika","__typename":"HierarchyPathItem"}],"isGlobalFallback":null,"countryName":{"fi":"Suomi","__typename":"CountryName"}},{"id":"6414882500017","ean":"6414882500017","name":"Gloria","price":13.9,"storeId":725782447,"__typename":"Product","approxPrice":false,"basicQuantityUnit":"KPL","comparisonPrice":13.9,"comparisonUnit":"PCE","consumerPackageSize":null,"consumerPackageUnit":null,"priceUnit":"KPL","quantityMultiplier":1,"brandName":null,"slug":"gloria","isAgeLimitedByAlcohol":false,"frozen":false,"packagingLabels":[],"packagingLabelCodes":[],"hierarchyPath":[{"id":"1591691235308101","name":"Aikakauslehdet","slug":"koti-ja-vapaa-aika/lehdet/aikakauslehdet","__typename":"HierarchyPathItem"},{"id":"1591691235308100","name":"Lehdet","slug":"koti-ja-vapaa-aika/lehdet","__typename":"HierarchyPathItem"},{"id":"Herkku_00000002","name":"Koti ja vapaa-aika","slug":"koti-ja-vapaa-aika","__typename":"HierarchyPathItem"}],"isGlobalFallback":null,"countryName":{"fi":"Suomi","__typename":"CountryName"}},{"id":"6414882840007","ean":"6414882840007","name":"Hymy","price":5.9,"storeId":725782447,"__typename":"Product","approxPrice":false,"basicQuantityUnit":"KPL","comparisonPrice":5.9,"comparisonUnit":"PCE","consumerPackageSize":null,"consumerPackageUnit":null,"priceUnit":"KPL","quantityMultiplier":1,"brandName":null,"slug":"hymy","isAgeLimitedByAlcohol":false,"frozen":false,"packagingLabels":[],"packagingLabelCodes":[],"hierarchyPath":[{"id":"1591691235308101","name":"Aikakauslehdet","slug":"koti-ja-vapaa-aika/lehdet/aikakauslehdet","__typename":"HierarchyPathItem"},{"id":"1591691235308100","name":"Lehdet","slug":"koti-ja-vapaa-aika/lehdet","__typename":"HierarchyPathItem"},{"id":"Herkku_00000002","name":"Koti ja vapaa-aika","slug":"koti-ja-vapaa-aika","__typename":"HierarchyPathItem"}],"isGlobalFallback":null,"countryName":{"fi":"Suomi","__typename":"CountryName"}},{"id":"6414883360085","ean":"6414883360085","name":"Kauneus&Terveys","price":11.9,"storeId":725782447,"__typename":"Product","approxPrice":false,"basicQuantityUnit":"KPL","comparisonPrice":11.9,"comparisonUnit":"PCE","consumerPackageSize":null,"consumerPackageUnit":null,"priceUnit":"KPL","quantityMultiplier":1,"brandName":null,"slug":"kauneusandterveys","isAgeLimitedByAlcohol":false,"frozen":false,"packagingLabels":[],"packagingLabelCodes":[],"hierarchyPath":[{"id":"1591691235308101","name":"Aikakauslehdet","slug":"koti-ja-vapaa-aika/lehdet/aikakauslehdet","__typename":"HierarchyPathItem"},{"id":"1591691235308100","name":"Lehdet","slug":"koti-ja-vapaa-aika/lehdet","__typename":"HierarchyPathItem"},{"id":"Herkku_00000002","name":"Koti ja vapaa-aika","slug":"koti-ja-vapaa-aika","__typename":"HierarchyPathItem"}],"isGlobalFallback":null,"countryName":{"fi":"Suomi","__typename":"CountryName"}},{"id":"6414883800062","ean":"6414883800062","name":"Kodin Kuvalehti","price":5.95,"storeId":725782447,"__typename":"Product","approxPrice":false,"basicQuantityUnit":"KPL","comparisonPrice":5.95,"comparisonUnit":"PCE","consumerPackageSize":null,"consumerPackageUnit":null,"priceUnit":"KPL","quantityMultiplier":1,"brandName":null,"slug":"kodin-kuvalehti","isAgeLimitedByAlcohol":false,"frozen":false,"packagingLabels":[],"packagingLabelCodes":[],"hierarchyPath":[{"id":"1591691235308101","name":"Aikakauslehdet","slug":"koti-ja-vapaa-aika/lehdet/aikakauslehdet","__typename":"HierarchyPathItem"},{"id":"1591691235308100","name":"Lehdet","slug":"koti-ja-vapaa-aika/lehdet","__typename":"HierarchyPathItem"},{"id":"Herkku_00000002","name":"Koti ja vapaa-aika","slug":"koti-ja-vapaa-aika","__typename":"HierarchyPathItem"}],"isGlobalFallback":null,"countryName":{"fi":"Suomi","__typename":"CountryName"}},{"id":"6414883950125","ean":"6414883950125","name":"Koti ja Keittiö","price":6.9,"storeId":725782447,"__typename":"Product","approxPrice":false,"basicQuantityUnit":"KPL","comparisonPrice":6.9,"comparisonUnit":"PCE","consumerPackageSize":null,"consumerPackageUnit":null,"priceUnit":"KPL","quantityMultiplier":1,"brandName":null,"slug":"koti-ja-keittio","isAgeLimitedByAlcohol":false,"frozen":false,"packagingLabels":[],"packagingLabelCodes":[],"hierarchyPath":[{"id":"1591691235308101","name":"Aikakauslehdet","slug":"koti-ja-vapaa-aika/lehdet/aikakauslehdet","__typename":"HierarchyPathItem"},{"id":"1591691235308100","name":"Lehdet","slug":"koti-ja-vapaa-aika/lehdet","__typename":"HierarchyPathItem"},{"id":"Herkku_00000002","name":"Koti ja vapaa-aika","slug":"koti-ja-vapaa-aika","__typename":"HierarchyPathItem"}],"isGlobalFallback":null,"countryName":{"fi":"Suomi","__typename":"CountryName"}},{"id":"6414883960025","ean":"6414883960025","name":"Kotiliesi","price":4.9,"storeId":725782447,"__typename":"Product","approxPrice":false,"basicQuantityUnit":"KPL","comparisonPrice":4.9,"comparisonUnit":"PCE","consumerPackageSize":null,"consumerPackageUnit":null,"priceUnit":"KPL","quantityMultiplier":1,"brandName":null,"slug":"kotiliesi","isAgeLimitedByAlcohol":false,"frozen":false,"packagingLabels":[],"packagingLabelCodes":[],"hierarchyPath":[{"id":"1591691235308101","name":"Aikakauslehdet","slug":"koti-ja-vapaa-aika/lehdet/aikakauslehdet","__typename":"HierarchyPathItem"},{"id":"1591691235308100","name":"Lehdet","slug":"koti-ja-vapaa-aika/lehdet","__typename":"HierarchyPathItem"},{"id":"Herkku_00000002","name":"Koti ja vapaa-aika","slug":"koti-ja-vapaa-aika","__typename":"HierarchyPathItem"}],"isGlobalFallback":null,"countryName":{"fi":"Suomi","__typename":"CountryName"}},{"id":"6414883989255","ean":"6414883989255","name":"Kotivinkki","price":10.9,"storeId":725782447,"__typename":"Product","approxPrice":false,"basicQuantityUnit":"KPL","comparisonPrice":10.9,"comparisonUnit":"PCE","consumerPackageSize":null,"consumerPackageUnit":null,"priceUnit":"KPL","quantityMultiplier":1,"brandName":null,"slug":"kotivinkki","isAgeLimitedByAlcohol":false,"frozen":false,"packagingLabels":[],"packagingLabelCodes":[],"hierarchyPath":[{"id":"1591691235308101","name":"Aikakauslehdet","slug":"koti-ja-vapaa-aika/lehdet/aikakauslehdet","__typename":"HierarchyPathItem"},{"id":"1591691235308100","name":"Lehdet","slug":"koti-ja-vapaa-aika/lehdet","__typename":"HierarchyPathItem"},{"id":"Herkku_00000002","name":"Koti ja vapaa-aika","slug":"koti-ja-vapaa-aika","__typename":"HierarchyPathItem"}],"isGlobalFallback":null,"countryName":{"fi":"Suomi","__typename":"CountryName"}},{"id":"6414885180018","ean":"6414885180018","name":"Me Naiset","price":3.9,"storeId":725782447,"__typename":"Product","approxPrice":false,"basicQuantityUnit":"KPL","comparisonPrice":3.9,"comparisonUnit":"PCE","consumerPackageSize":null,"consumerPackageUnit":null,"priceUnit":"KPL","quantityMultiplier":1,"brandName":null,"slug":"me-naiset","isAgeLimitedByAlcohol":false,"frozen":false,"packagingLabels":[],"packagingLabelCodes":[],"hierarchyPath":[{"id":"1591691235308101","name":"Aikakauslehdet","slug":"koti-ja-vapaa-aika/lehdet/aikakauslehdet","__typename":"HierarchyPathItem"},{"id":"1591691235308100","name":"Lehdet","slug":"koti-ja-vapaa-aika/lehdet","__typename":"HierarchyPathItem"},{"id":"Herkku_00000002","name":"Koti ja vapaa-aika","slug":"koti-ja-vapaa-aika","__typename":"HierarchyPathItem"}],"isGlobalFallback":null,"countryName":{"fi":"Suomi","__typename":"CountryName"}},{"id":"6414885656063","ean":"6414885656063","name":"Agenda 2023","price":9.95,"storeId":725782447,"__typename":"Product","approxPrice":false,"basicQuantityUnit":"KPL","comparisonPrice":9.95,"comparisonUnit":"PCE","consumerPackageSize":null,"consumerPackageUnit":null,"priceUnit":"KPL","quantityMultiplier":1,"brandName":null,"slug":"agenda-2023","isAgeLimitedByAlcohol":false,"frozen":false,"packagingLabels":[],"packagingLabelCodes":[],"hierarchyPath":[{"id":"1591691234747427","name":"Kalenterit","slug":"koti-ja-vapaa-aika/paperi-ja-toimistotarvikkeet/kalenterit","__typename":"HierarchyPathItem"},{"id":"1591691234747419","name":"Paperi- ja toimistotarvikkeet","slug":"koti-ja-vapaa-aika/paperi-ja-toimistotarvikkeet","__typename":"HierarchyPathItem"},{"id":"Herkku_00000002","name":"Koti ja vapaa-aika","slug":"koti-ja-vapaa-aika","__typename":"HierarchyPathItem"}],"isGlobalFallback":null,"countryName":{"fi":"Suomi","__typename":"CountryName"}},{"id":"6414886014923","ean":"6414886014923","name":"Suomen Luonto -kalenteri 2023","price":16.9,"storeId":725782447,"__typename":"Product","approxPrice":false,"basicQuantityUnit":"KPL","comparisonPrice":16.9,"comparisonUnit":"PCE","consumerPackageSize":null,"consumerPackageUnit":null,"priceUnit":"KPL","quantityMultiplier":1,"brandName":null,"slug":"suomen-luonto-kalenteri-2023","isAgeLimitedByAlcohol":false,"frozen":false,"packagingLabels":[],"packagingLabelCodes":[],"hierarchyPath":[{"id":"1591691234747427","name":"Kalenterit","slug":"koti-ja-vapaa-aika/paperi-ja-toimistotarvikkeet/kalenterit","__typename":"HierarchyPathItem"},{"id":"1591691234747419","name":"Paperi- ja toimistotarvikkeet","slug":"koti-ja-vapaa-aika/paperi-ja-toimistotarvikkeet","__typename":"HierarchyPathItem"},{"id":"Herkku_00000002","name":"Koti ja vapaa-aika","slug":"koti-ja-vapaa-aika","__typename":"HierarchyPathItem"}],"isGlobalFallback":null,"countryName":{"fi":"Suomi","__typename":"CountryName"}},{"id":"6414886580626","ean":"6414886580626","name":"Paulo Coelho vuosikalenteri 2023 Voima","price":15.9,"storeId":725782447,"__typename":"Product","approxPrice":false,"basicQuantityUnit":"KPL","comparisonPrice":15.9,"comparisonUnit":"PCE","consumerPackageSize":null,"consumerPackageUnit":null,"priceUnit":"KPL","quantityMultiplier":1,"brandName":null,"slug":"paulo-coelho-vuosikalenteri-2023-voima","isAgeLimitedByAlcohol":false,"frozen":false,"packagingLabels":[],"packagingLabelCodes":[],"hierarchyPath":[{"id":"1591691234747427","name":"Kalenterit","slug":"koti-ja-vapaa-aika/paperi-ja-toimistotarvikkeet/kalenterit","__typename":"HierarchyPathItem"},{"id":"1591691234747419","name":"Paperi- ja toimistotarvikkeet","slug":"koti-ja-vapaa-aika/paperi-ja-toimistotarvikkeet","__typename":"HierarchyPathItem"},{"id":"Herkku_00000002","name":"Koti ja vapaa-aika","slug":"koti-ja-vapaa-aika","__typename":"HierarchyPathItem"}],"isGlobalFallback":null,"countryName":{"fi":"Suomi","__typename":"CountryName"}},{"id":"6414886633698","ean":"6414886633698","name":"100 Ristikkoa","price":7.95,"storeId":725782447,"__typename":"Product","approxPrice":false,"basicQuantityUnit":"KPL","comparisonPrice":7.95,"comparisonUnit":"PCE","consumerPackageSize":null,"consumerPackageUnit":null,"priceUnit":"KPL","quantityMultiplier":1,"brandName":null,"slug":"100-ristikkoa","isAgeLimitedByAlcohol":false,"frozen":false,"packagingLabels":[],"packagingLabelCodes":[],"hierarchyPath":[{"id":"1591691235308101","name":"Aikakauslehdet","slug":"koti-ja-vapaa-aika/lehdet/aikakauslehdet","__typename":"HierarchyPathItem"},{"id":"1591691235308100","name":"Lehdet","slug":"koti-ja-vapaa-aika/lehdet","__typename":"HierarchyPathItem"},{"id":"Herkku_00000002","name":"Koti ja vapaa-aika","slug":"koti-ja-vapaa-aika","__typename":"HierarchyPathItem"}],"isGlobalFallback":null,"countryName":{"fi":"Suomi","__typename":"CountryName"}},{"id":"6414886678811","ean":"6414886678811","name":"Marimekko-kalenteri 2023","price":12.95,"storeId":725782447,"__typename":"Product","approxPrice":false,"basicQuantityUnit":"KPL","comparisonPrice":12.95,"comparisonUnit":"PCE","consumerPackageSize":null,"consumerPackageUnit":null,"priceUnit":"KPL","quantityMultiplier":1,"brandName":"Marimekko","slug":"marimekko-kalenteri-2023","isAgeLimitedByAlcohol":false,"frozen":false,"packagingLabels":[],"packagingLabelCodes":[],"hierarchyPath":[{"id":"1591691234747427","name":"Kalenterit","slug":"koti-ja-vapaa-aika/paperi-ja-toimistotarvikkeet/kalenterit","__typename":"HierarchyPathItem"},{"id":"1591691234747419","name":"Paperi- ja toimistotarvikkeet","slug":"koti-ja-vapaa-aika/paperi-ja-toimistotarvikkeet","__typename":"HierarchyPathItem"},{"id":"Herkku_00000002","name":"Koti ja vapaa-aika","slug":"koti-ja-vapaa-aika","__typename":"HierarchyPathItem"}],"isGlobalFallback":null,"countryName":{"fi":"Suomi","__typename":"CountryName"}},{"id":"6414886678996","ean":"6414886678996","name":"Martta Wendelin-kalenteri 2023","price":16.9,"storeId":725782447,"__typename":"Product","approxPrice":false,"basicQuantityUnit":"KPL","comparisonPrice":16.9,"comparisonUnit":"PCE","consumerPackageSize":null,"consumerPackageUnit":null,"priceUnit":"KPL","quantityMultiplier":1,"brandName":null,"slug":"martta-wendelin-kalenteri-2023","isAgeLimitedByAlcohol":false,"frozen":false,"packagingLabels":[],"packagingLabelCodes":[],"hierarchyPath":[{"id":"1591691234747427","name":"Kalenterit","slug":"koti-ja-vapaa-aika/paperi-ja-toimistotarvikkeet/kalenterit","__typename":"HierarchyPathItem"},{"id":"1591691234747419","name":"Paperi- ja toimistotarvikkeet","slug":"koti-ja-vapaa-aika/paperi-ja-toimistotarvikkeet","__typename":"HierarchyPathItem"},{"id":"Herkku_00000002","name":"Koti ja vapaa-aika","slug":"koti-ja-vapaa-aika","__typename":"HierarchyPathItem"}],"isGlobalFallback":null,"countryName":{"fi":"Suomi","__typename":"CountryName"}},{"id":"6414886679078","ean":"6414886679078","name":"Kissat ja Koirat -kalenteri 2023","price":14.9,"storeId":725782447,"__typename":"Product","approxPrice":false,"basicQuantityUnit":"KPL","comparisonPrice":14.9,"comparisonUnit":"PCE","consumerPackageSize":null,"consumerPackageUnit":null,"priceUnit":"KPL","quantityMultiplier":1,"brandName":null,"slug":"kissat-ja-koirat-kalenteri-2023","isAgeLimitedByAlcohol":false,"frozen":false,"packagingLabels":[],"packagingLabelCodes":[],"hierarchyPath":[{"id":"1591691234747427","name":"Kalenterit","slug":"koti-ja-vapaa-aika/paperi-ja-toimistotarvikkeet/kalenterit","__typename":"HierarchyPathItem"},{"id":"1591691234747419","name":"Paperi- ja toimistotarvikkeet","slug":"koti-ja-vapaa-aika/paperi-ja-toimistotarvikkeet","__typename":"HierarchyPathItem"},{"id":"Herkku_00000002","name":"Koti ja vapaa-aika","slug":"koti-ja-vapaa-aika","__typename":"HierarchyPathItem"}],"isGlobalFallback":null,"countryName":{"fi":"Suomi","__typename":"CountryName"}},{"id":"6414886679153","ean":"6414886679153","name":"Muumi-taskukalenteri 2023","price":7.9,"storeId":725782447,"__typename":"Product","approxPrice":false,"basicQuantityUnit":"KPL","comparisonPrice":7.9,"comparisonUnit":"PCE","consumerPackageSize":null,"consumerPackageUnit":null,"priceUnit":"KPL","quantityMultiplier":1,"brandName":null,"slug":"muumi-taskukalenteri-2023","isAgeLimitedByAlcohol":false,"frozen":false,"packagingLabels":[],"packagingLabelCodes":[],"hierarchyPath":[{"id":"1591691234747427","name":"Kalenterit","slug":"koti-ja-vapaa-aika/paperi-ja-toimistotarvikkeet/kalenterit","__typename":"HierarchyPathItem"},{"id":"1591691234747419","name":"Paperi- ja toimistotarvikkeet","slug":"koti-ja-vapaa-aika/paperi-ja-toimistotarvikkeet","__typename":"HierarchyPathItem"},{"id":"Herkku_00000002","name":"Koti ja vapaa-aika","slug":"koti-ja-vapaa-aika","__typename":"HierarchyPathItem"}],"isGlobalFallback":null,"countryName":{"fi":"Suomi","__typename":"CountryName"}},{"id":"6414886679238","ean":"6414886679238","name":"Marimekko-kalenterikirja 2023","price":15.95,"storeId":725782447,"__typename":"Product","approxPrice":false,"basicQuantityUnit":"KPL","comparisonPrice":15.95,"comparisonUnit":"PCE","consumerPackageSize":null,"consumerPackageUnit":null,"priceUnit":"KPL","quantityMultiplier":1,"brandName":"Marimekko","slug":"marimekko-kalenterikirja-2023","isAgeLimitedByAlcohol":false,"frozen":false,"packagingLabels":[],"packagingLabelCodes":[],"hierarchyPath":[{"id":"1591691234747427","name":"Kalenterit","slug":"koti-ja-vapaa-aika/paperi-ja-toimistotarvikkeet/kalenterit","__typename":"HierarchyPathItem"},{"id":"1591691234747419","name":"Paperi- ja toimistotarvikkeet","slug":"koti-ja-vapaa-aika/paperi-ja-toimistotarvikkeet","__typename":"HierarchyPathItem"},{"id":"Herkku_00000002","name":"Koti ja vapaa-aika","slug":"koti-ja-vapaa-aika","__typename":"HierarchyPathItem"}],"isGlobalFallback":null,"countryName":{"fi":"Suomi","__typename":"CountryName"}},{"id":"6414886700345","ean":"6414886700345","name":"Universitetsalmanackan 2023","price":8.35,"storeId":725782447,"__typename":"Product","approxPrice":false,"basicQuantityUnit":"KPL","comparisonPrice":8.35,"comparisonUnit":"PCE","consumerPackageSize":null,"consumerPackageUnit":null,"priceUnit":"KPL","quantityMultiplier":1,"brandName":null,"slug":"universitetsalmanackan-2023","isAgeLimitedByAlcohol":false,"frozen":false,"packagingLabels":[],"packagingLabelCodes":[],"hierarchyPath":[{"id":"1591691234747427","name":"Kalenterit","slug":"koti-ja-vapaa-aika/paperi-ja-toimistotarvikkeet/kalenterit","__typename":"HierarchyPathItem"},{"id":"1591691234747419","name":"Paperi- ja toimistotarvikkeet","slug":"koti-ja-vapaa-aika/paperi-ja-toimistotarvikkeet","__typename":"HierarchyPathItem"},{"id":"Herkku_00000002","name":"Koti ja vapaa-aika","slug":"koti-ja-vapaa-aika","__typename":"HierarchyPathItem"}],"isGlobalFallback":null,"countryName":{"fi":"Suomi","__typename":"CountryName"}},{"id":"6414886715035","ean":"6414886715035","name":"Meidän Mökki","price":11.9,"storeId":725782447,"__typename":"Product","approxPrice":false,"basicQuantityUnit":"KPL","comparisonPrice":11.9,"comparisonUnit":"PCE","consumerPackageSize":null,"consumerPackageUnit":null,"priceUnit":"KPL","quantityMultiplier":1,"brandName":null,"slug":"meidan-mokki","isAgeLimitedByAlcohol":false,"frozen":false,"packagingLabels":[],"packagingLabelCodes":[],"hierarchyPath":[{"id":"1591691235308101","name":"Aikakauslehdet","slug":"koti-ja-vapaa-aika/lehdet/aikakauslehdet","__typename":"HierarchyPathItem"},{"id":"1591691235308100","name":"Lehdet","slug":"koti-ja-vapaa-aika/lehdet","__typename":"HierarchyPathItem"},{"id":"Herkku_00000002","name":"Koti ja vapaa-aika","slug":"koti-ja-vapaa-aika","__typename":"HierarchyPathItem"}],"isGlobalFallback":null,"countryName":{"fi":"Suomi","__typename":"CountryName"}},{"id":"6414887145435","ean":"6414887145435","name":"Seiska","price":5.9,"storeId":725782447,"__typename":"Product","approxPrice":false,"basicQuantityUnit":"KPL","comparisonPrice":5.9,"comparisonUnit":"PCE","consumerPackageSize":null,"consumerPackageUnit":null,"priceUnit":"KPL","quantityMultiplier":1,"brandName":null,"slug":"seiska","isAgeLimitedByAlcohol":false,"frozen":false,"packagingLabels":[],"packagingLabelCodes":[],"hierarchyPath":[{"id":"1591691235308101","name":"Aikakauslehdet","slug":"koti-ja-vapaa-aika/lehdet/aikakauslehdet","__typename":"HierarchyPathItem"},{"id":"1591691235308100","name":"Lehdet","slug":"koti-ja-vapaa-aika/lehdet","__typename":"HierarchyPathItem"},{"id":"Herkku_00000002","name":"Koti ja vapaa-aika","slug":"koti-ja-vapaa-aika","__typename":"HierarchyPathItem"}],"isGlobalFallback":null,"countryName":{"fi":"Suomi","__typename":"CountryName"}},{"id":"6414887175043","ean":"6414887175043","name":"Seura","price":3.95,"storeId":725782447,"__typename":"Product","approxPrice":false,"basicQuantityUnit":"KPL","comparisonPrice":3.95,"comparisonUnit":"PCE","consumerPackageSize":null,"consumerPackageUnit":null,"priceUnit":"KPL","quantityMultiplier":1,"brandName":null,"slug":"seura","isAgeLimitedByAlcohol":false,"frozen":false,"packagingLabels":[],"packagingLabelCodes":[],"hierarchyPath":[{"id":"1591691235308101","name":"Aikakauslehdet","slug":"koti-ja-vapaa-aika/lehdet/aikakauslehdet","__typename":"HierarchyPathItem"},{"id":"1591691235308100","name":"Lehdet","slug":"koti-ja-vapaa-aika/lehdet","__typename":"HierarchyPathItem"},{"id":"Herkku_00000002","name":"Koti ja vapaa-aika","slug":"koti-ja-vapaa-aika","__typename":"HierarchyPathItem"}],"isGlobalFallback":null,"countryName":{"fi":"Suomi","__typename":"CountryName"}},{"id":"6414887707503","ean":"6414887707503","name":"Anna-Mari West-kalenteri 2023","price":14.9,"storeId":725782447,"__typename":"Product","approxPrice":false,"basicQuantityUnit":"KPL","comparisonPrice":14.9,"comparisonUnit":"PCE","consumerPackageSize":null,"consumerPackageUnit":null,"priceUnit":"KPL","quantityMultiplier":1,"brandName":null,"slug":"anna-mari-west-kalenteri-2023","isAgeLimitedByAlcohol":false,"frozen":false,"packagingLabels":[],"packagingLabelCodes":[],"hierarchyPath":[{"id":"1591691234747427","name":"Kalenterit","slug":"koti-ja-vapaa-aika/paperi-ja-toimistotarvikkeet/kalenterit","__typename":"HierarchyPathItem"},{"id":"1591691234747419","name":"Paperi- ja toimistotarvikkeet","slug":"koti-ja-vapaa-aika/paperi-ja-toimistotarvikkeet","__typename":"HierarchyPathItem"},{"id":"Herkku_00000002","name":"Koti ja vapaa-aika","slug":"koti-ja-vapaa-aika","__typename":"HierarchyPathItem"}],"isGlobalFallback":null,"countryName":{"fi":"Suomi","__typename":"CountryName"}},{"id":"6414887893053","ean":"6414887893053","name":"Suuri Käsityö","price":15.9,"storeId":725782447,"__typename":"Product","approxPrice":false,"basicQuantityUnit":"KPL","comparisonPrice":15.9,"comparisonUnit":"PCE","consumerPackageSize":null,"consumerPackageUnit":null,"priceUnit":"KPL","quantityMultiplier":1,"brandName":null,"slug":"suuri-kasityo","isAgeLimitedByAlcohol":false,"frozen":false,"packagingLabels":[],"packagingLabelCodes":[],"hierarchyPath":[{"id":"1591691235308101","name":"Aikakauslehdet","slug":"koti-ja-vapaa-aika/lehdet/aikakauslehdet","__typename":"HierarchyPathItem"},{"id":"1591691235308100","name":"Lehdet","slug":"koti-ja-vapaa-aika/lehdet","__typename":"HierarchyPathItem"},{"id":"Herkku_00000002","name":"Koti ja vapaa-aika","slug":"koti-ja-vapaa-aika","__typename":"HierarchyPathItem"}],"isGlobalFallback":null,"countryName":{"fi":"Suomi","__typename":"CountryName"}},{"id":"6414888101195","ean":"6414888101195","name":"Hyvä Terveys","price":5.95,"storeId":725782447,"__typename":"Product","approxPrice":false,"basicQuantityUnit":"KPL","comparisonPrice":5.95,"comparisonUnit":"PCE","consumerPackageSize":null,"consumerPackageUnit":null,"priceUnit":"KPL","quantityMultiplier":1,"brandName":null,"slug":"hyva-terveys","isAgeLimitedByAlcohol":false,"frozen":false,"packagingLabels":[],"packagingLabelCodes":[],"hierarchyPath":[{"id":"1591691235308101","name":"Aikakauslehdet","slug":"koti-ja-vapaa-aika/lehdet/aikakauslehdet","__typename":"HierarchyPathItem"},{"id":"1591691235308100","name":"Lehdet","slug":"koti-ja-vapaa-aika/lehdet","__typename":"HierarchyPathItem"},{"id":"Herkku_00000002","name":"Koti ja vapaa-aika","slug":"koti-ja-vapaa-aika","__typename":"HierarchyPathItem"}],"isGlobalFallback":null,"countryName":{"fi":"Suomi","__typename":"CountryName"}},{"id":"6414888142280","ean":"6414888142280","name":"Unelmien Talo & Koti","price":9.9,"storeId":725782447,"__typename":"Product","approxPrice":false,"basicQuantityUnit":"KPL","comparisonPrice":9.9,"comparisonUnit":"PCE","consumerPackageSize":null,"consumerPackageUnit":null,"priceUnit":"KPL","quantityMultiplier":1,"brandName":null,"slug":"unelmien-talo-and-koti","isAgeLimitedByAlcohol":false,"frozen":false,"packagingLabels":[],"packagingLabelCodes":[],"hierarchyPath":[{"id":"1591691235308101","name":"Aikakauslehdet","slug":"koti-ja-vapaa-aika/lehdet/aikakauslehdet","__typename":"HierarchyPathItem"},{"id":"1591691235308100","name":"Lehdet","slug":"koti-ja-vapaa-aika/lehdet","__typename":"HierarchyPathItem"},{"id":"Herkku_00000002","name":"Koti ja vapaa-aika","slug":"koti-ja-vapaa-aika","__typename":"HierarchyPathItem"}],"isGlobalFallback":null,"countryName":{"fi":"Suomi","__typename":"CountryName"}},{"id":"6414888150018","ean":"6414888150018","name":"Tekniikan Maailma","price":12.2,"storeId":725782447,"__typename":"Product","approxPrice":false,"basicQuantityUnit":"KPL","comparisonPrice":12.2,"comparisonUnit":"PCE","consumerPackageSize":null,"consumerPackageUnit":null,"priceUnit":"KPL","quantityMultiplier":1,"brandName":null,"slug":"tekniikan-maailma","isAgeLimitedByAlcohol":false,"frozen":false,"packagingLabels":[],"packagingLabelCodes":[],"hierarchyPath":[{"id":"1591691235308101","name":"Aikakauslehdet","slug":"koti-ja-vapaa-aika/lehdet/aikakauslehdet","__typename":"HierarchyPathItem"},{"id":"1591691235308100","name":"Lehdet","slug":"koti-ja-vapaa-aika/lehdet","__typename":"HierarchyPathItem"},{"id":"Herkku_00000002","name":"Koti ja vapaa-aika","slug":"koti-ja-vapaa-aika","__typename":"HierarchyPathItem"}],"isGlobalFallback":null,"countryName":{"fi":"Suomi","__typename":"CountryName"}},{"id":"6414888750058","ean":"6414888750058","name":"Anna","price":3.95,"storeId":725782447,"__typename":"Product","approxPrice":false,"basicQuantityUnit":"KPL","comparisonPrice":3.95,"comparisonUnit":"PCE","consumerPackageSize":null,"consumerPackageUnit":null,"priceUnit":"KPL","quantityMultiplier":1,"brandName":null,"slug":"anna","isAgeLimitedByAlcohol":false,"frozen":false,"packagingLabels":[],"packagingLabelCodes":[],"hierarchyPath":[{"id":"1591691235308101","name":"Aikakauslehdet","slug":"koti-ja-vapaa-aika/lehdet/aikakauslehdet","__typename":"HierarchyPathItem"},{"id":"1591691235308100","name":"Lehdet","slug":"koti-ja-vapaa-aika/lehdet","__typename":"HierarchyPathItem"},{"id":"Herkku_00000002","name":"Koti ja vapaa-aika","slug":"koti-ja-vapaa-aika","__typename":"HierarchyPathItem"}],"isGlobalFallback":null,"countryName":{"fi":"Suomi","__typename":"CountryName"}},{"id":"6414888787023","ean":"6414888787023","name":"Yliopiston Almanakka 2023","price":8.35,"storeId":725782447,"__typename":"Product","approxPrice":false,"basicQuantityUnit":"KPL","comparisonPrice":8.35,"comparisonUnit":"PCE","consumerPackageSize":null,"consumerPackageUnit":null,"priceUnit":"KPL","quantityMultiplier":1,"brandName":null,"slug":"yliopiston-almanakka-2023","isAgeLimitedByAlcohol":false,"frozen":false,"packagingLabels":[],"packagingLabelCodes":[],"hierarchyPath":[{"id":"1591691234747427","name":"Kalenterit","slug":"koti-ja-vapaa-aika/paperi-ja-toimistotarvikkeet/kalenterit","__typename":"HierarchyPathItem"},{"id":"1591691234747419","name":"Paperi- ja toimistotarvikkeet","slug":"koti-ja-vapaa-aika/paperi-ja-toimistotarvikkeet","__typename":"HierarchyPathItem"},{"id":"Herkku_00000002","name":"Koti ja vapaa-aika","slug":"koti-ja-vapaa-aika","__typename":"HierarchyPathItem"}],"isGlobalFallback":null,"countryName":{"fi":"Suomi","__typename":"CountryName"}},{"id":"6414889035185","ean":"6414889035185","name":"Yliopiston Almanakka (A4) 2023","price":18.85,"storeId":725782447,"__typename":"Product","approxPrice":false,"basicQuantityUnit":"KPL","comparisonPrice":18.85,"comparisonUnit":"PCE","consumerPackageSize":null,"consumerPackageUnit":null,"priceUnit":"KPL","quantityMultiplier":1,"brandName":null,"slug":"yliopiston-almanakka-a4-2023","isAgeLimitedByAlcohol":false,"frozen":false,"packagingLabels":[],"packagingLabelCodes":[],"hierarchyPath":[{"id":"1591691234747427","name":"Kalenterit","slug":"koti-ja-vapaa-aika/paperi-ja-toimistotarvikkeet/kalenterit","__typename":"HierarchyPathItem"},{"id":"1591691234747419","name":"Paperi- ja toimistotarvikkeet","slug":"koti-ja-vapaa-aika/paperi-ja-toimistotarvikkeet","__typename":"HierarchyPathItem"},{"id":"Herkku_00000002","name":"Koti ja vapaa-aika","slug":"koti-ja-vapaa-aika","__typename":"HierarchyPathItem"}],"isGlobalFallback":null,"countryName":{"fi":"Suomi","__typename":"CountryName"}},{"id":"6414889039145","ean":"6414889039145","name":"Ebba Masalin Vuosipäiväkirja 2023","price":19.9,"storeId":725782447,"__typename":"Product","approxPrice":false,"basicQuantityUnit":"KPL","comparisonPrice":19.9,"comparisonUnit":"PCE","consumerPackageSize":null,"consumerPackageUnit":null,"priceUnit":"KPL","quantityMultiplier":1,"brandName":null,"slug":"ebba-masalin-vuosipaivakirja-2023","isAgeLimitedByAlcohol":false,"frozen":false,"packagingLabels":[],"packagingLabelCodes":[],"hierarchyPath":[{"id":"1591691234747427","name":"Kalenterit","slug":"koti-ja-vapaa-aika/paperi-ja-toimistotarvikkeet/kalenterit","__typename":"HierarchyPathItem"},{"id":"1591691234747419","name":"Paperi- ja toimistotarvikkeet","slug":"koti-ja-vapaa-aika/paperi-ja-toimistotarvikkeet","__typename":"HierarchyPathItem"},{"id":"Herkku_00000002","name":"Koti ja vapaa-aika","slug":"koti-ja-vapaa-aika","__typename":"HierarchyPathItem"}],"isGlobalFallback":null,"countryName":{"fi":"Suomi","__typename":"CountryName"}},{"id":"6414889169651","ean":"6414889169651","name":"Voi Hyvin","price":6.9,"storeId":725782447,"__typename":"Product","approxPrice":false,"basicQuantityUnit":"KPL","comparisonPrice":6.9,"comparisonUnit":"PCE","consumerPackageSize":null,"consumerPackageUnit":null,"priceUnit":"KPL","quantityMultiplier":1,"brandName":null,"slug":"voi-hyvin","isAgeLimitedByAlcohol":false,"frozen":false,"packagingLabels":[],"packagingLabelCodes":[],"hierarchyPath":[{"id":"1591691235308101","name":"Aikakauslehdet","slug":"koti-ja-vapaa-aika/lehdet/aikakauslehdet","__typename":"HierarchyPathItem"},{"id":"1591691235308100","name":"Lehdet","slug":"koti-ja-vapaa-aika/lehdet","__typename":"HierarchyPathItem"},{"id":"Herkku_00000002","name":"Koti ja vapaa-aika","slug":"koti-ja-vapaa-aika","__typename":"HierarchyPathItem"}],"isGlobalFallback":null,"countryName":{"fi":"Suomi","__typename":"CountryName"}},{"id":"6414889601465","ean":"6414889601465","name":"Pieni Pahan Mielen Seinäkalenteri kalenteri","price":14.95,"storeId":725782447,"__typename":"Product","approxPrice":false,"basicQuantityUnit":"KPL","comparisonPrice":14.95,"comparisonUnit":"PCE","consumerPackageSize":null,"consumerPackageUnit":null,"priceUnit":"KPL","quantityMultiplier":1,"brandName":null,"slug":"pieni-pahan-mielen-seinakalenteri-kalenteri","isAgeLimitedByAlcohol":false,"frozen":false,"packagingLabels":[],"packagingLabelCodes":[],"hierarchyPath":[{"id":"1591691234747427","name":"Kalenterit","slug":"koti-ja-vapaa-aika/paperi-ja-toimistotarvikkeet/kalenterit","__typename":"HierarchyPathItem"},{"id":"1591691234747419","name":"Paperi- ja toimistotarvikkeet","slug":"koti-ja-vapaa-aika/paperi-ja-toimistotarvikkeet","__typename":"HierarchyPathItem"},{"id":"Herkku_00000002","name":"Koti ja vapaa-aika","slug":"koti-ja-vapaa-aika","__typename":"HierarchyPathItem"}],"isGlobalFallback":null,"countryName":{"fi":"Suomi","__typename":"CountryName"}},{"id":"6414889973203","ean":"6414889973203","name":"Suomen Kansan Kalenteri 2023","price":8.2,"storeId":725782447,"__typename":"Product","approxPrice":false,"basicQuantityUnit":"KPL","comparisonPrice":8.2,"comparisonUnit":"PCE","consumerPackageSize":null,"consumerPackageUnit":null,"priceUnit":"KPL","quantityMultiplier":1,"brandName":null,"slug":"suomen-kansan-kalenteri-2023","isAgeLimitedByAlcohol":false,"frozen":false,"packagingLabels":[],"packagingLabelCodes":[],"hierarchyPath":[{"id":"1591691234747427","name":"Kalenterit","slug":"koti-ja-vapaa-aika/paperi-ja-toimistotarvikkeet/kalenterit","__typename":"HierarchyPathItem"},{"id":"1591691234747419","name":"Paperi- ja toimistotarvikkeet","slug":"koti-ja-vapaa-aika/paperi-ja-toimistotarvikkeet","__typename":"HierarchyPathItem"},{"id":"Herkku_00000002","name":"Koti ja vapaa-aika","slug":"koti-ja-vapaa-aika","__typename":"HierarchyPathItem"}],"isGlobalFallback":null,"countryName":{"fi":"Suomi","__typename":"CountryName"}},{"id":"6414890141172","ean":"6414890141172","name":"Rainbow 200g 2kpl cordon bleu pakaste","price":2.5,"storeId":725782447,"__typename":"Product","approxPrice":false,"basicQuantityUnit":"KPL","comparisonPrice":12.5,"comparisonUnit":"KGM","consumerPackageSize":null,"consumerPackageUnit":null,"priceUnit":"KPL","quantityMultiplier":1,"brandName":"Rainbow","slug":"rainbow-200g-2kpl-cordon-bleu-pakaste","isAgeLimitedByAlcohol":false,"frozen":true,"packagingLabels":[],"packagingLabelCodes":[],"hierarchyPath":[{"id":"1591691225905845","name":"Valmiit pakasteateriat","slug":"pakasteet-1/pakasteateriat/valmiit-pakasteateriat","__typename":"HierarchyPathItem"},{"id":"Herkku_00000129","name":"Pakasteateriat","slug":"pakasteet-1/pakasteateriat","__typename":"HierarchyPathItem"},{"id":"Herkku_00000013","name":"Pakasteet","slug":"pakasteet-1","__typename":"HierarchyPathItem"}],"isGlobalFallback":null,"countryName":null},{"id":"6414890210106","ean":"6414890210106","name":"Rainbow 250g/10kpl fileekalapuikot MSC pakaste","price":2.85,"storeId":725782447,"__typename":"Product","approxPrice":false,"basicQuantityUnit":"KPL","comparisonPrice":11.4,"comparisonUnit":"KGM","consumerPackageSize":null,"consumerPackageUnit":null,"priceUnit":"KPL","quantityMultiplier":1,"brandName":"Rainbow","slug":"rainbow-250g10kpl-fileekalapuikot-msc-pakaste","isAgeLimitedByAlcohol":false,"frozen":true,"packagingLabels":["MSC (Marine Stewardship Council)"],"packagingLabelCodes":["MARINE_STEWARDSHIP_COUNCIL_LABEL"],"hierarchyPath":[{"id":"1591691225905833","name":"Kala ja äyriäiset","slug":"pakasteet-1/liha-ja-kalapakasteet/kala-ja-ayriaiset","__typename":"HierarchyPathItem"},{"id":"Herkku_00000131","name":"Liha- ja kalapakasteet","slug":"pakasteet-1/liha-ja-kalapakasteet","__typename":"HierarchyPathItem"},{"id":"Herkku_00000013","name":"Pakasteet","slug":"pakasteet-1","__typename":"HierarchyPathItem"}],"isGlobalFallback":null,"countryName":{"fi":"Viro","__typename":"CountryName"}},{"id":"6414890222505","ean":"6414890222505","name":"Rainbow 250g/10kpl kalapuikot MSC pakaste","price":1.6,"storeId":725782447,"__typename":"Product","approxPrice":false,"basicQuantityUnit":"KPL","comparisonPrice":6.4,"comparisonUnit":"KGM","consumerPackageSize":null,"consumerPackageUnit":null,"priceUnit":"KPL","quantityMultiplier":1,"brandName":"Rainbow","slug":"rainbow-250g10kpl-kalapuikot-msc-pakaste","isAgeLimitedByAlcohol":false,"frozen":true,"packagingLabels":["MSC (Marine Stewardship Council)"],"packagingLabelCodes":["MARINE_STEWARDSHIP_COUNCIL_LABEL"],"hierarchyPath":[{"id":"1591691225905833","name":"Kala ja äyriäiset","slug":"pakasteet-1/liha-ja-kalapakasteet/kala-ja-ayriaiset","__typename":"HierarchyPathItem"},{"id":"Herkku_00000131","name":"Liha- ja kalapakasteet","slug":"pakasteet-1/liha-ja-kalapakasteet","__typename":"HierarchyPathItem"},{"id":"Herkku_00000013","name":"Pakasteet","slug":"pakasteet-1","__typename":"HierarchyPathItem"}],"isGlobalFallback":null,"countryName":{"fi":"Puola","__typename":"CountryName"}},{"id":"6414890230012","ean":"6414890230012","name":"Rainbow katkaravut MSC 180g pakaste","price":3.95,"storeId":725782447,"__typename":"Product","approxPrice":false,"basicQuantityUnit":"KPL","comparisonPrice":21.94,"comparisonUnit":"KGM","consumerPackageSize":null,"consumerPackageUnit":null,"priceUnit":"KPL","quantityMultiplier":1,"brandName":"Rainbow","slug":"rainbow-katkaravut-msc-180g-pakaste","isAgeLimitedByAlcohol":false,"frozen":true,"packagingLabels":["MSC (Marine Stewardship Council)"],"packagingLabelCodes":["MARINE_STEWARDSHIP_COUNCIL_LABEL"],"hierarchyPath":[{"id":"1591691225905833","name":"Kala ja äyriäiset","slug":"pakasteet-1/liha-ja-kalapakasteet/kala-ja-ayriaiset","__typename":"HierarchyPathItem"},{"id":"Herkku_00000131","name":"Liha- ja kalapakasteet","slug":"pakasteet-1/liha-ja-kalapakasteet","__typename":"HierarchyPathItem"},{"id":"Herkku_00000013","name":"Pakasteet","slug":"pakasteet-1","__typename":"HierarchyPathItem"}],"isGlobalFallback":null,"countryName":null},{"id":"6414890230050","ean":"6414890230050","name":"Rainbow isot katkaravut MSC 180g pakaste","price":4.3,"storeId":725782447,"__typename":"Product","approxPrice":false,"basicQuantityUnit":"KPL","comparisonPrice":23.89,"comparisonUnit":"KGM","consumerPackageSize":null,"consumerPackageUnit":null,"priceUnit":"KPL","quantityMultiplier":1,"brandName":"Rainbow","slug":"rainbow-isot-katkaravut-msc-180g-pakaste","isAgeLimitedByAlcohol":false,"frozen":true,"packagingLabels":["MSC (Marine Stewardship Council)"],"packagingLabelCodes":["MARINE_STEWARDSHIP_COUNCIL_LABEL"],"hierarchyPath":[{"id":"1591691225905833","name":"Kala ja äyriäiset","slug":"pakasteet-1/liha-ja-kalapakasteet/kala-ja-ayriaiset","__typename":"HierarchyPathItem"},{"id":"Herkku_00000131","name":"Liha- ja kalapakasteet","slug":"pakasteet-1/liha-ja-kalapakasteet","__typename":"HierarchyPathItem"},{"id":"Herkku_00000013","name":"Pakasteet","slug":"pakasteet-1","__typename":"HierarchyPathItem"}],"isGlobalFallback":null,"countryName":null},{"id":"6414890450076","ean":"6414890450076","name":"CHIQUITA BANAANI VIHER I C-RICA/ECUADOR","price":1.89,"storeId":725782447,"__typename":"Product","approxPrice":false,"basicQuantityUnit":"KPL","comparisonPrice":1.89,"comparisonUnit":"KGM","consumerPackageSize":null,"consumerPackageUnit":null,"priceUnit":"KPL","quantityMultiplier":1,"brandName":"Chiquita","slug":"chiquita-banaani-viher-i-c-ricaecuador","isAgeLimitedByAlcohol":false,"frozen":false,"packagingLabels":[],"packagingLabelCodes":[],"hierarchyPath":[{"id":"Herkku_00000198","name":"Banaanit","slug":"hedelmat-ja-vihannekset-1/hedelmat/banaanit","__typename":"HierarchyPathItem"},{"id":"Herkku_00000021","name":"Hedelmät","slug":"hedelmat-ja-vihannekset-1/hedelmat","__typename":"HierarchyPathItem"},{"id":"Herkku_00000001","name":"Hedelmät ja vihannekset","slug":"hedelmat-ja-vihannekset-1","__typename":"HierarchyPathItem"}],"isGlobalFallback":null,"countryName":null},{"id":"6414891050008","ean":"6414891050008","name":"Rainbow 450g poimutetut ranskanperunat","price":1.05,"storeId":725782447,"__typename":"Product","approxPrice":false,"basicQuantityUnit":"KPL","comparisonPrice":2.33,"comparisonUnit":"KGM","consumerPackageSize":null,"consumerPackageUnit":null,"priceUnit":"KPL","quantityMultiplier":1,"brandName":"Rainbow","slug":"rainbow-450g-poimutetut-ranskanperunat","isAgeLimitedByAlcohol":false,"frozen":true,"packagingLabels":[],"packagingLabelCodes":[],"hierarchyPath":[{"id":"1591691225905752","name":"Ranskalaiset perunat ja lohkoperunat","slug":"pakasteet-1/perunapakasteet/ranskalaiset-perunat-ja-lohkoperunat","__typename":"HierarchyPathItem"},{"id":"Herkku_00000128","name":"Perunapakasteet","slug":"pakasteet-1/perunapakasteet","__typename":"HierarchyPathItem"},{"id":"Herkku_00000013","name":"Pakasteet","slug":"pakasteet-1","__typename":"HierarchyPathItem"}],"isGlobalFallback":null,"countryName":{"fi":"Alankomaat","__typename":"CountryName"}},{"id":"6414891050107","ean":"6414891050107","name":"Kotimaista Pinaattikeitto pakaste 400g","price":1.8,"storeId":725782447,"__typename":"Product","approxPrice":false,"basicQuantityUnit":"KPL","comparisonPrice":4.5,"comparisonUnit":"KGM","consumerPackageSize":null,"consumerPackageUnit":null,"priceUnit":"KPL","quantityMultiplier":1,"brandName":"Kotimaista","slug":"kotimaista-pinaattikeitto-pakaste-400g","isAgeLimitedByAlcohol":false,"frozen":true,"packagingLabels":["Hyvää Suomesta (Sininen Joutsen)"],"packagingLabelCodes":["GOODS_FROM_FINLAND_BLUE_SWAN"],"hierarchyPath":[{"id":"Herkku_00000750","name":"Pakastekeitot","slug":"pakasteet-1/pakasteateriat/pakastekeitot","__typename":"HierarchyPathItem"},{"id":"Herkku_00000129","name":"Pakasteateriat","slug":"pakasteet-1/pakasteateriat","__typename":"HierarchyPathItem"},{"id":"Herkku_00000013","name":"Pakasteet","slug":"pakasteet-1","__typename":"HierarchyPathItem"}],"isGlobalFallback":null,"countryName":{"fi":"Suomi","__typename":"CountryName"}},{"id":"6414891510533","ean":"6414891510533","name":"Rainbow 500g pyttipannu laktoositon pakaste","price":2.55,"storeId":725782447,"__typename":"Product","approxPrice":false,"basicQuantityUnit":"KPL","comparisonPrice":5.1,"comparisonUnit":"KGM","consumerPackageSize":null,"consumerPackageUnit":null,"priceUnit":"KPL","quantityMultiplier":1,"brandName":"Rainbow","slug":"rainbow-500g-pyttipannu-laktoositon-pakaste","isAgeLimitedByAlcohol":false,"frozen":true,"packagingLabels":[],"packagingLabelCodes":[],"hierarchyPath":[{"id":"1591691225905845","name":"Valmiit pakasteateriat","slug":"pakasteet-1/pakasteateriat/valmiit-pakasteateriat","__typename":"HierarchyPathItem"},{"id":"Herkku_00000129","name":"Pakasteateriat","slug":"pakasteet-1/pakasteateriat","__typename":"HierarchyPathItem"},{"id":"Herkku_00000013","name":"Pakasteet","slug":"pakasteet-1","__typename":"HierarchyPathItem"}],"isGlobalFallback":null,"countryName":{"fi":"Belgia","__typename":"CountryName"}},{"id":"6414891801020","ean":"6414891801020","name":"Kotimaista Maustamaton Kanan Fileesuikale 300g","price":3.25,"storeId":725782447,"__typename":"Product","approxPrice":false,"basicQuantityUnit":"KPL","comparisonPrice":10.83,"comparisonUnit":"KGM","consumerPackageSize":null,"consumerPackageUnit":null,"priceUnit":"KPL","quantityMultiplier":1,"brandName":"Kotimaista","slug":"kotimaista-maustamaton-kanan-fileesuikale-300g","isAgeLimitedByAlcohol":false,"frozen":false,"packagingLabels":["Hyvää Suomesta (Sininen Joutsen)"],"packagingLabelCodes":["GOODS_FROM_FINLAND_BLUE_SWAN"],"hierarchyPath":[{"id":"1591691242477864","name":"Kanan suikaleet ja kuutiot","slug":"liha-ja-kasviproteiinit-1/kana-broileri-ja-kalkkuna/kanan-suikaleet-ja-kuutiot","__typename":"HierarchyPathItem"},{"id":"1591691242477859","name":"Kana, broileri ja kalkkuna","slug":"liha-ja-kasviproteiinit-1/kana-broileri-ja-kalkkuna","__typename":"HierarchyPathItem"},{"id":"Herkku_00000014","name":"Liha ja kasviproteiinit","slug":"liha-ja-kasviproteiinit-1","__typename":"HierarchyPathItem"}],"isGlobalFallback":null,"countryName":{"fi":"Suomi","__typename":"CountryName"}},{"id":"6414891801488","ean":"6414891801488","name":"Kotimaista Kanan Jauheliha 400g","price":3.89,"storeId":725782447,"__typename":"Product","approxPrice":false,"basicQuantityUnit":"KPL","comparisonPrice":9.73,"comparisonUnit":"KGM","consumerPackageSize":null,"consumerPackageUnit":null,"priceUnit":"KPL","quantityMultiplier":1,"brandName":"Kotimaista","slug":"kotimaista-kanan-jauheliha-400g","isAgeLimitedByAlcohol":false,"frozen":false,"packagingLabels":["Hyvää Suomesta (Sininen Joutsen)"],"packagingLabelCodes":["GOODS_FROM_FINLAND_BLUE_SWAN"],"hierarchyPath":[{"id":"Herkku_00000583","name":"Siipikarjan jauheliha","slug":"liha-ja-kasviproteiinit-1/jauheliha/siipikarjan-jauheliha","__typename":"HierarchyPathItem"},{"id":"Herkku_00000109","name":"Jauheliha","slug":"liha-ja-kasviproteiinit-1/jauheliha","__typename":"HierarchyPathItem"},{"id":"Herkku_00000014","name":"Liha ja kasviproteiinit","slug":"liha-ja-kasviproteiinit-1","__typename":"HierarchyPathItem"}],"isGlobalFallback":null,"countryName":{"fi":"Suomi","__typename":"CountryName"}},{"id":"6414891801549","ean":"6414891801549","name":"Kotimaista Grillimaustettu porsaan ulkofileepihvi 3 kpl 360g","price":4.75,"storeId":725782447,"__typename":"Product","approxPrice":false,"basicQuantityUnit":"KPL","comparisonPrice":13.19,"comparisonUnit":"KGM","consumerPackageSize":null,"consumerPackageUnit":null,"priceUnit":"KPL","quantityMultiplier":1,"brandName":"Kotimaista","slug":"kotimaista-grillimaustettu-porsaan-ulkofileepihvi-3-kpl-360g","isAgeLimitedByAlcohol":false,"frozen":false,"packagingLabels":[],"packagingLabelCodes":[],"hierarchyPath":[{"id":"Herkku_00000576","name":"Porsaan pihvit ja leikkeet","slug":"liha-ja-kasviproteiinit-1/porsas/porsaan-pihvit-ja-leikkeet","__typename":"HierarchyPathItem"},{"id":"Herkku_00000108","name":"Porsas","slug":"liha-ja-kasviproteiinit-1/porsas","__typename":"HierarchyPathItem"},{"id":"Herkku_00000014","name":"Liha ja kasviproteiinit","slug":"liha-ja-kasviproteiinit-1","__typename":"HierarchyPathItem"}],"isGlobalFallback":null,"countryName":{"fi":"Suomi","__typename":"CountryName"}},{"id":"6414891801693","ean":"6414891801693","name":"Kotimaista Maustamaton Kanan Fileeleike 350g","price":7.25,"storeId":725782447,"__typename":"Product","approxPrice":false,"basicQuantityUnit":"KPL","comparisonPrice":20.71,"comparisonUnit":"KGM","consumerPackageSize":null,"consumerPackageUnit":null,"priceUnit":"KPL","quantityMultiplier":1,"brandName":"Kotimaista","slug":"kotimaista-maustamaton-kanan-fileeleike-350g","isAgeLimitedByAlcohol":false,"frozen":false,"packagingLabels":["Hyvää Suomesta (Sininen Joutsen)"],"packagingLabelCodes":["GOODS_FROM_FINLAND_BLUE_SWAN"],"hierarchyPath":[{"id":"1591691242477860","name":"Kanan pihvit, leikkeleet ja puolivalmisteet","slug":"liha-ja-kasviproteiinit-1/kana-broileri-ja-kalkkuna/kanan-pihvit-leikkeleet-ja-puolivalmisteet","__typename":"HierarchyPathItem"},{"id":"1591691242477859","name":"Kana, broileri ja kalkkuna","slug":"liha-ja-kasviproteiinit-1/kana-broileri-ja-kalkkuna","__typename":"HierarchyPathItem"},{"id":"Herkku_00000014","name":"Liha ja kasviproteiinit","slug":"liha-ja-kasviproteiinit-1","__typename":"HierarchyPathItem"}],"isGlobalFallback":null,"countryName":{"fi":"Suomi","__typename":"CountryName"}},{"id":"6414891802065","ean":"6414891802065","name":"Kotimaista 500g pikakaurahiutale luomu","price":1.65,"storeId":725782447,"__typename":"Product","approxPrice":false,"basicQuantityUnit":"KPL","comparisonPrice":3.3,"comparisonUnit":"KGM","consumerPackageSize":null,"consumerPackageUnit":null,"priceUnit":"KPL","quantityMultiplier":1,"brandName":"Kotimaista","slug":"kotimaista-500g-pikakaurahiutale-luomu","isAgeLimitedByAlcohol":false,"frozen":false,"packagingLabels":["EU:n luomutunnus (lehti)"," Hyvää Suomesta (Sininen Joutsen)"," Sydänmerkki"],"packagingLabelCodes":["EU_ORGANIC_FARMING"," FINNISH_HEART_SYMBOL"," GOODS_FROM_FINLAND_BLUE_SWAN"],"hierarchyPath":[{"id":"Herkku_00000498","name":"Muut hiutaleet","slug":"kuivatuotteet-ja-leivonta-1/hiutaleet-murot-ja-myslit/muut-hiutaleet","__typename":"HierarchyPathItem"},{"id":"Herkku_00000053","name":"Hiutaleet, murot ja myslit","slug":"kuivatuotteet-ja-leivonta-1/hiutaleet-murot-ja-myslit","__typename":"HierarchyPathItem"},{"id":"Herkku_00000007","name":"Kuivatuotteet ja leivonta","slug":"kuivatuotteet-ja-leivonta-1","__typename":"HierarchyPathItem"}],"isGlobalFallback":null,"countryName":{"fi":"Suomi","__typename":"CountryName"}},{"id":"6414891802096","ean":"6414891802096","name":"Kotimaista gluteeniton kaurahiutale 500g","price":2.19,"storeId":725782447,"__typename":"Product","approxPrice":false,"basicQuantityUnit":"KPL","comparisonPrice":4.38,"comparisonUnit":"KGM","consumerPackageSize":null,"consumerPackageUnit":null,"priceUnit":"KPL","quantityMultiplier":1,"brandName":"Kotimaista","slug":"kotimaista-gluteeniton-kaurahiutale-500g","isAgeLimitedByAlcohol":false,"frozen":false,"packagingLabels":["Hyvää Suomesta (Sininen Joutsen)"," Kierrätysmerkki"," Sydänmerkki"],"packagingLabelCodes":["FINNISH_HEART_SYMBOL"," GOODS_FROM_FINLAND_BLUE_SWAN"," RECYCLABLE_GENERAL_CLAIM"],"hierarchyPath":[{"id":"Herkku_00000501","name":"Kaurahiutaleet","slug":"kuivatuotteet-ja-leivonta-1/hiutaleet-murot-ja-myslit/kaurahiutaleet","__typename":"HierarchyPathItem"},{"id":"Herkku_00000053","name":"Hiutaleet, murot ja myslit","slug":"kuivatuotteet-ja-leivonta-1/hiutaleet-murot-ja-myslit","__typename":"HierarchyPathItem"},{"id":"Herkku_00000007","name":"Kuivatuotteet ja leivonta","slug":"kuivatuotteet-ja-leivonta-1","__typename":"HierarchyPathItem"}],"isGlobalFallback":null,"countryName":{"fi":"Suomi","__typename":"CountryName"}},{"id":"6414891802126","ean":"6414891802126","name":"Kotimaista 1l Kaurajuoma","price":1.75,"storeId":725782447,"__typename":"Product","approxPrice":false,"basicQuantityUnit":"KPL","comparisonPrice":1.75,"comparisonUnit":"LTR","consumerPackageSize":null,"consumerPackageUnit":null,"priceUnit":"KPL","quantityMultiplier":1,"brandName":"Kotimaista","slug":"kotimaista-1l-kaurajuoma","isAgeLimitedByAlcohol":false,"frozen":false,"packagingLabels":["FSC mix (Forest Stewardship Council)"," Hyvää Suomesta (Sininen Joutsen)"," Sydänmerkki"],"packagingLabelCodes":["FINNISH_HEART_SYMBOL"," FOREST_STEWARDSHIP_COUNCIL_MIX"," GOODS_FROM_FINLAND_BLUE_SWAN"],"hierarchyPath":[{"id":"Herkku_00000683","name":"Kaurajuomat","slug":"maito-munat-ja-rasvat-0/kasvipohjaiset-maitojuomat/kaurajuomat","__typename":"HierarchyPathItem"},{"id":"Herkku_00000123","name":"Kasvipohjaiset maitojuomat","slug":"maito-munat-ja-rasvat-0/kasvipohjaiset-maitojuomat","__typename":"HierarchyPathItem"},{"id":"Herkku_00000006","name":"Maito, munat ja rasvat","slug":"maito-munat-ja-rasvat-0","__typename":"HierarchyPathItem"}],"isGlobalFallback":null,"countryName":{"fi":"Suomi","__typename":"CountryName"}},{"id":"6414891802416","ean":"6414891802416","name":"Kotimaista rasvaton raejuusto vähälaktoosinen 400g","price":2.65,"storeId":725782447,"__typename":"Product","approxPrice":false,"basicQuantityUnit":"KPL","comparisonPrice":6.62,"comparisonUnit":"KGM","consumerPackageSize":null,"consumerPackageUnit":null,"priceUnit":"KPL","quantityMultiplier":1,"brandName":"Kotimaista","slug":"kotimaista-rasvaton-raejuusto-vahalaktoosinen-400g","isAgeLimitedByAlcohol":false,"frozen":false,"packagingLabels":["Hyvää Suomesta (Sininen Joutsen)"," Sydänmerkki"],"packagingLabelCodes":["FINNISH_HEART_SYMBOL"," GOODS_FROM_FINLAND_BLUE_SWAN"],"hierarchyPath":[{"id":"1591691244827927","name":"Raejuustot","slug":"juustot-0/ruoka-ja-herkuttelujuustot/raejuustot","__typename":"HierarchyPathItem"},{"id":"1591691244827915","name":"Ruoka- ja herkuttelujuustot","slug":"juustot-0/ruoka-ja-herkuttelujuustot","__typename":"HierarchyPathItem"},{"id":"Herkku_00000003","name":"Juustot","slug":"juustot-0","__typename":"HierarchyPathItem"}],"isGlobalFallback":null,"countryName":{"fi":"Suomi","__typename":"CountryName"}},{"id":"6414892609885","ean":"6414892609885","name":"Rainbow 500ml oliiviöljy","price":5.05,"storeId":725782447,"__typename":"Product","approxPrice":false,"basicQuantityUnit":"KPL","comparisonPrice":10.1,"comparisonUnit":"LTR","consumerPackageSize":null,"consumerPackageUnit":null,"priceUnit":"KPL","quantityMultiplier":1,"brandName":"Rainbow","slug":"rainbow-500ml-oliivioljy","isAgeLimitedByAlcohol":false,"frozen":false,"packagingLabels":[],"packagingLabelCodes":[],"hierarchyPath":[{"id":"Herkku_00000442","name":"Oliiviöljyt","slug":"oljyt-mausteet-maustaminen-1/oljyt/oliivioljyt","__typename":"HierarchyPathItem"},{"id":"Herkku_00000081","name":"Öljyt","slug":"oljyt-mausteet-maustaminen-1/oljyt","__typename":"HierarchyPathItem"},{"id":"Herkku_00000011","name":"Öljyt, mausteet, maustaminen","slug":"oljyt-mausteet-maustaminen-1","__typename":"HierarchyPathItem"}],"isGlobalFallback":null,"countryName":{"fi":"Espanja","__typename":"CountryName"}},{"id":"6414893010123","ean":"6414893010123","name":"Kotimaista 1kg rasvaton maustamaton vähälaktoosinen jogurtti","price":1.99,"storeId":725782447,"__typename":"Product","approxPrice":false,"basicQuantityUnit":"KPL","comparisonPrice":1.99,"comparisonUnit":"KGM","consumerPackageSize":null,"consumerPackageUnit":null,"priceUnit":"KPL","quantityMultiplier":1,"brandName":"Kotimaista","slug":"kotimaista-1kg-rasvaton-maustamaton-vahalaktoosinen-jogurtti","isAgeLimitedByAlcohol":false,"frozen":false,"packagingLabels":["Hyvää Suomesta (Sininen Joutsen)"],"packagingLabelCodes":["GOODS_FROM_FINLAND_BLUE_SWAN"],"hierarchyPath":[{"id":"1591691235643804","name":"Maustamattomat jogurtit","slug":"maito-munat-ja-rasvat-0/jogurtit/maustamattomat-jogurtit","__typename":"HierarchyPathItem"},{"id":"Herkku_00000118","name":"Jogurtit","slug":"maito-munat-ja-rasvat-0/jogurtit","__typename":"HierarchyPathItem"},{"id":"Herkku_00000006","name":"Maito, munat ja rasvat","slug":"maito-munat-ja-rasvat-0","__typename":"HierarchyPathItem"}],"isGlobalFallback":null,"countryName":{"fi":"Suomi","__typename":"CountryName"}},{"id":"6414893012318","ean":"6414893012318","name":"Rainbow 400g kevyt laktoositon margariini 40%","price":1.39,"storeId":725782447,"__typename":"Product","approxPrice":false,"basicQuantityUnit":"KPL","comparisonPrice":3.47,"comparisonUnit":"KGM","consumerPackageSize":null,"consumerPackageUnit":null,"priceUnit":"KPL","quantityMultiplier":1,"brandName":"Rainbow","slug":"rainbow-400g-kevyt-laktoositon-margariini-40","isAgeLimitedByAlcohol":false,"frozen":false,"packagingLabels":["Sydänmerkki"],"packagingLabelCodes":["FINNISH_HEART_SYMBOL"],"hierarchyPath":[{"id":"Herkku_00000299","name":"Margariinit","slug":"maito-munat-ja-rasvat-0/rasvat/margariinit","__typename":"HierarchyPathItem"},{"id":"Herkku_00000049","name":"Rasvat","slug":"maito-munat-ja-rasvat-0/rasvat","__typename":"HierarchyPathItem"},{"id":"Herkku_00000006","name":"Maito, munat ja rasvat","slug":"maito-munat-ja-rasvat-0","__typename":"HierarchyPathItem"}],"isGlobalFallback":null,"countryName":{"fi":"Suomi","__typename":"CountryName"}},{"id":"6414893048621","ean":"6414893048621","name":"Kotimaista 500ml kylmäpuristettu rypsiöljy","price":3.89,"storeId":725782447,"__typename":"Product","approxPrice":false,"basicQuantityUnit":"KPL","comparisonPrice":7.78,"comparisonUnit":"LTR","consumerPackageSize":null,"consumerPackageUnit":null,"priceUnit":"KPL","quantityMultiplier":1,"brandName":"Kotimaista","slug":"kotimaista-500ml-kylmapuristettu-rypsioljy","isAgeLimitedByAlcohol":false,"frozen":false,"packagingLabels":["Hyvää Suomesta (Sininen Joutsen)"," Kierrätysmerkki"," Sydänmerkki"],"packagingLabelCodes":["FINNISH_HEART_SYMBOL"," GOODS_FROM_FINLAND_BLUE_SWAN"," RECYCLABLE_GENERAL_CLAIM"],"hierarchyPath":[{"id":"Herkku_00000441","name":"Rypsiöljyt","slug":"oljyt-mausteet-maustaminen-1/oljyt/rypsioljyt","__typename":"HierarchyPathItem"},{"id":"Herkku_00000081","name":"Öljyt","slug":"oljyt-mausteet-maustaminen-1/oljyt","__typename":"HierarchyPathItem"},{"id":"Herkku_00000011","name":"Öljyt, mausteet, maustaminen","slug":"oljyt-mausteet-maustaminen-1","__typename":"HierarchyPathItem"}],"isGlobalFallback":null,"countryName":{"fi":"Suomi","__typename":"CountryName"}},{"id":"6414893074156","ean":"6414893074156","name":"Rainbow vaniljarahka 150g","price":0.85,"storeId":725782447,"__typename":"Product","approxPrice":false,"basicQuantityUnit":"KPL","comparisonPrice":5.67,"comparisonUnit":"KGM","consumerPackageSize":null,"consumerPackageUnit":null,"priceUnit":"KPL","quantityMultiplier":1,"brandName":"Rainbow","slug":"rainbow-vaniljarahka-150g","isAgeLimitedByAlcohol":false,"frozen":false,"packagingLabels":[],"packagingLabelCodes":[],"hierarchyPath":[{"id":"1591691235703027","name":"Maustetut rahkat","slug":"maito-munat-ja-rasvat-0/rahkat-vanukkaat-ja-jalkiruoka/maustetut-rahkat","__typename":"HierarchyPathItem"},{"id":"Herkku_00000115","name":"Rahkat, vanukkaat ja jälkiruoka","slug":"maito-munat-ja-rasvat-0/rahkat-vanukkaat-ja-jalkiruoka","__typename":"HierarchyPathItem"},{"id":"Herkku_00000006","name":"Maito, munat ja rasvat","slug":"maito-munat-ja-rasvat-0","__typename":"HierarchyPathItem"}],"isGlobalFallback":null,"countryName":{"fi":"Viro","__typename":"CountryName"}},{"id":"6414893083172","ean":"6414893083172","name":"Rainbow 450ml juokseva rapsiöljyvalmiste","price":1.99,"storeId":725782447,"__typename":"Product","approxPrice":false,"basicQuantityUnit":"KPL","comparisonPrice":4.42,"comparisonUnit":"LTR","consumerPackageSize":null,"consumerPackageUnit":null,"priceUnit":"KPL","quantityMultiplier":1,"brandName":"Rainbow","slug":"rainbow-450ml-juokseva-rapsioljyvalmiste","isAgeLimitedByAlcohol":false,"frozen":false,"packagingLabels":["Sydänmerkki"],"packagingLabelCodes":["FINNISH_HEART_SYMBOL"],"hierarchyPath":[{"id":"Herkku_00000297","name":"Juokseva margariini","slug":"maito-munat-ja-rasvat-0/rasvat/juokseva-margariini","__typename":"HierarchyPathItem"},{"id":"Herkku_00000049","name":"Rasvat","slug":"maito-munat-ja-rasvat-0/rasvat","__typename":"HierarchyPathItem"},{"id":"Herkku_00000006","name":"Maito, munat ja rasvat","slug":"maito-munat-ja-rasvat-0","__typename":"HierarchyPathItem"}],"isGlobalFallback":null,"countryName":{"fi":"Suomi","__typename":"CountryName"}},{"id":"6414893083202","ean":"6414893083202","name":"Rainbow 150g banaanirahka 4%","price":0.85,"storeId":725782447,"__typename":"Product","approxPrice":false,"basicQuantityUnit":"KPL","comparisonPrice":5.67,"comparisonUnit":"KGM","consumerPackageSize":null,"consumerPackageUnit":null,"priceUnit":"KPL","quantityMultiplier":1,"brandName":"Rainbow","slug":"rainbow-150g-banaanirahka-4","isAgeLimitedByAlcohol":false,"frozen":false,"packagingLabels":[],"packagingLabelCodes":[],"hierarchyPath":[{"id":"1591691235703027","name":"Maustetut rahkat","slug":"maito-munat-ja-rasvat-0/rahkat-vanukkaat-ja-jalkiruoka/maustetut-rahkat","__typename":"HierarchyPathItem"},{"id":"Herkku_00000115","name":"Rahkat, vanukkaat ja jälkiruoka","slug":"maito-munat-ja-rasvat-0/rahkat-vanukkaat-ja-jalkiruoka","__typename":"HierarchyPathItem"},{"id":"Herkku_00000006","name":"Maito, munat ja rasvat","slug":"maito-munat-ja-rasvat-0","__typename":"HierarchyPathItem"}],"isGlobalFallback":null,"countryName":{"fi":"Viro","__typename":"CountryName"}},{"id":"6414893083295","ean":"6414893083295","name":"Rainbow 200g sulatejuustoviipaleet 6% 10kpl","price":2.95,"storeId":725782447,"__typename":"Product","approxPrice":false,"basicQuantityUnit":"KPL","comparisonPrice":14.75,"comparisonUnit":"KGM","consumerPackageSize":null,"consumerPackageUnit":null,"priceUnit":"KPL","quantityMultiplier":1,"brandName":"Rainbow","slug":"rainbow-200g-sulatejuustoviipaleet-6-10kpl","isAgeLimitedByAlcohol":false,"frozen":false,"packagingLabels":[],"packagingLabelCodes":[],"hierarchyPath":[{"id":"1591691244827923","name":"Muut juustot","slug":"juustot-0/pala-ja-viipalejuustot/muut-juustot","__typename":"HierarchyPathItem"},{"id":"1591691244827914","name":"Pala- ja viipalejuustot","slug":"juustot-0/pala-ja-viipalejuustot","__typename":"HierarchyPathItem"},{"id":"Herkku_00000003","name":"Juustot","slug":"juustot-0","__typename":"HierarchyPathItem"}],"isGlobalFallback":null,"countryName":{"fi":"Itävalta","__typename":"CountryName"}},{"id":"6414893094918","ean":"6414893094918","name":"Kotimaista vapaan kanan munat M10 580g","price":2.39,"storeId":725782447,"__typename":"Product","approxPrice":false,"basicQuantityUnit":"KPL","comparisonPrice":4.12,"comparisonUnit":"KGM","consumerPackageSize":null,"consumerPackageUnit":null,"priceUnit":"KPL","quantityMultiplier":1,"brandName":"Kotimaista","slug":"kotimaista-vapaan-kanan-munat-m10-580g","isAgeLimitedByAlcohol":false,"frozen":false,"packagingLabels":["Hyvää Suomesta (Sininen Joutsen)"],"packagingLabelCodes":["GOODS_FROM_FINLAND_BLUE_SWAN"],"hierarchyPath":[{"id":"Herkku_00000681","name":"Vapaan kanan munat","slug":"maito-munat-ja-rasvat-0/munat/vapaan-kanan-munat","__typename":"HierarchyPathItem"},{"id":"Herkku_00000121","name":"Munat","slug":"maito-munat-ja-rasvat-0/munat","__typename":"HierarchyPathItem"},{"id":"Herkku_00000006","name":"Maito, munat ja rasvat","slug":"maito-munat-ja-rasvat-0","__typename":"HierarchyPathItem"}],"isGlobalFallback":null,"countryName":null},{"id":"6414893095021","ean":"6414893095021","name":"Xtra Kaakaovanukas kermavaahdolla 200g","price":0.69,"storeId":725782447,"__typename":"Product","approxPrice":false,"basicQuantityUnit":"KPL","comparisonPrice":3.45,"comparisonUnit":"KGM","consumerPackageSize":null,"consumerPackageUnit":null,"priceUnit":"KPL","quantityMultiplier":1,"brandName":"Xtra","slug":"xtra-kaakaovanukas-kermavaahdolla-200g","isAgeLimitedByAlcohol":false,"frozen":false,"packagingLabels":[],"packagingLabelCodes":[],"hierarchyPath":[{"id":"Herkku_00000625","name":"Vanukkaat","slug":"maito-munat-ja-rasvat-0/rahkat-vanukkaat-ja-jalkiruoka/vanukkaat","__typename":"HierarchyPathItem"},{"id":"Herkku_00000115","name":"Rahkat, vanukkaat ja jälkiruoka","slug":"maito-munat-ja-rasvat-0/rahkat-vanukkaat-ja-jalkiruoka","__typename":"HierarchyPathItem"},{"id":"Herkku_00000006","name":"Maito, munat ja rasvat","slug":"maito-munat-ja-rasvat-0","__typename":"HierarchyPathItem"}],"isGlobalFallback":null,"countryName":{"fi":"Saksa","__typename":"CountryName"}},{"id":"6414893095588","ean":"6414893095588","name":"Kotimaista 348g luomukananmuna M6","price":2.29,"storeId":725782447,"__typename":"Product","approxPrice":false,"basicQuantityUnit":"KPL","comparisonPrice":6.58,"comparisonUnit":"KGM","consumerPackageSize":null,"consumerPackageUnit":null,"priceUnit":"KPL","quantityMultiplier":1,"brandName":"Kotimaista","slug":"kotimaista-348g-luomukananmuna-m6","isAgeLimitedByAlcohol":false,"frozen":false,"packagingLabels":["EU:n luomutunnus (lehti)"," Hyvää Suomesta (Sininen Joutsen)"],"packagingLabelCodes":["EU_ORGANIC_FARMING"," GOODS_FROM_FINLAND_BLUE_SWAN"],"hierarchyPath":[{"id":"Herkku_00000678","name":"Luomukananmunat","slug":"maito-munat-ja-rasvat-0/munat/luomukananmunat","__typename":"HierarchyPathItem"},{"id":"Herkku_00000121","name":"Munat","slug":"maito-munat-ja-rasvat-0/munat","__typename":"HierarchyPathItem"},{"id":"Herkku_00000006","name":"Maito, munat ja rasvat","slug":"maito-munat-ja-rasvat-0","__typename":"HierarchyPathItem"}],"isGlobalFallback":null,"countryName":{"fi":"Suomi","__typename":"CountryName"}},{"id":"6414893095687","ean":"6414893095687","name":"Rainbow 150 g banaanijogurtti","price":0.44,"storeId":725782447,"__typename":"Product","approxPrice":false,"basicQuantityUnit":"KPL","comparisonPrice":2.93,"comparisonUnit":"KGM","consumerPackageSize":null,"consumerPackageUnit":null,"priceUnit":"KPL","quantityMultiplier":1,"brandName":"Rainbow","slug":"rainbow-150-g-banaanijogurtti","isAgeLimitedByAlcohol":false,"frozen":false,"packagingLabels":[],"packagingLabelCodes":[],"hierarchyPath":[{"id":"1591691235643803","name":"Maustetut jogurtit","slug":"maito-munat-ja-rasvat-0/jogurtit/maustetut-jogurtit","__typename":"HierarchyPathItem"},{"id":"Herkku_00000118","name":"Jogurtit","slug":"maito-munat-ja-rasvat-0/jogurtit","__typename":"HierarchyPathItem"},{"id":"Herkku_00000006","name":"Maito, munat ja rasvat","slug":"maito-munat-ja-rasvat-0","__typename":"HierarchyPathItem"}],"isGlobalFallback":null,"countryName":{"fi":"Suomi","__typename":"CountryName"}},{"id":"6414893095892","ean":"6414893095892","name":"Rainbow 200 g päärynä-vanilja vähälaktoosinen viili","price":0.54,"storeId":725782447,"__typename":"Product","approxPrice":false,"basicQuantityUnit":"KPL","comparisonPrice":2.7,"comparisonUnit":"KGM","consumerPackageSize":null,"consumerPackageUnit":null,"priceUnit":"KPL","quantityMultiplier":1,"brandName":"Rainbow","slug":"rainbow-200-g-paaryna-vanilja-vahalaktoosinen-viili","isAgeLimitedByAlcohol":false,"frozen":false,"packagingLabels":[],"packagingLabelCodes":[],"hierarchyPath":[{"id":"Herkku_00000635","name":"Maustetut viilit","slug":"maito-munat-ja-rasvat-0/viilit/maustetut-viilit","__typename":"HierarchyPathItem"},{"id":"Herkku_00000117","name":"Viilit","slug":"maito-munat-ja-rasvat-0/viilit","__typename":"HierarchyPathItem"},{"id":"Herkku_00000006","name":"Maito, munat ja rasvat","slug":"maito-munat-ja-rasvat-0","__typename":"HierarchyPathItem"}],"isGlobalFallback":null,"countryName":{"fi":"Suomi","__typename":"CountryName"}},{"id":"6414893095991","ean":"6414893095991","name":"Xtra 500g mansikkarahka rasvaton 0,2%","price":2.35,"storeId":725782447,"__typename":"Product","approxPrice":false,"basicQuantityUnit":"KPL","comparisonPrice":4.7,"comparisonUnit":"KGM","consumerPackageSize":null,"consumerPackageUnit":null,"priceUnit":"KPL","quantityMultiplier":1,"brandName":"Xtra","slug":"xtra-500g-mansikkarahka-rasvaton-0-2","isAgeLimitedByAlcohol":false,"frozen":false,"packagingLabels":[],"packagingLabelCodes":[],"hierarchyPath":[{"id":"1591691235703027","name":"Maustetut rahkat","slug":"maito-munat-ja-rasvat-0/rahkat-vanukkaat-ja-jalkiruoka/maustetut-rahkat","__typename":"HierarchyPathItem"},{"id":"Herkku_00000115","name":"Rahkat, vanukkaat ja jälkiruoka","slug":"maito-munat-ja-rasvat-0/rahkat-vanukkaat-ja-jalkiruoka","__typename":"HierarchyPathItem"},{"id":"Herkku_00000006","name":"Maito, munat ja rasvat","slug":"maito-munat-ja-rasvat-0","__typename":"HierarchyPathItem"}],"isGlobalFallback":null,"countryName":{"fi":"Saksa","__typename":"CountryName"}},{"id":"6414893096950","ean":"6414893096950","name":"Rainbow 150 g mango-appelsiini jogurtti","price":0.44,"storeId":725782447,"__typename":"Product","approxPrice":false,"basicQuantityUnit":"KPL","comparisonPrice":2.93,"comparisonUnit":"KGM","consumerPackageSize":null,"consumerPackageUnit":null,"priceUnit":"KPL","quantityMultiplier":1,"brandName":"Rainbow","slug":"rainbow-150-g-mango-appelsiini-jogurtti","isAgeLimitedByAlcohol":false,"frozen":false,"packagingLabels":[],"packagingLabelCodes":[],"hierarchyPath":[{"id":"1591691235643803","name":"Maustetut jogurtit","slug":"maito-munat-ja-rasvat-0/jogurtit/maustetut-jogurtit","__typename":"HierarchyPathItem"},{"id":"Herkku_00000118","name":"Jogurtit","slug":"maito-munat-ja-rasvat-0/jogurtit","__typename":"HierarchyPathItem"},{"id":"Herkku_00000006","name":"Maito, munat ja rasvat","slug":"maito-munat-ja-rasvat-0","__typename":"HierarchyPathItem"}],"isGlobalFallback":null,"countryName":{"fi":"Suomi","__typename":"CountryName"}},{"id":"6414893097049","ean":"6414893097049","name":"Rainbow juotava mansikkajogurtti 500g","price":1.49,"storeId":725782447,"__typename":"Product","approxPrice":false,"basicQuantityUnit":"KPL","comparisonPrice":2.98,"comparisonUnit":"KGM","consumerPackageSize":null,"consumerPackageUnit":null,"priceUnit":"KPL","quantityMultiplier":1,"brandName":"Rainbow","slug":"rainbow-juotava-mansikkajogurtti-500g","isAgeLimitedByAlcohol":false,"frozen":false,"packagingLabels":[],"packagingLabelCodes":[],"hierarchyPath":[{"id":"Herkku_00000637","name":"Juotavat jogurtit","slug":"maito-munat-ja-rasvat-0/jogurtit/juotavat-jogurtit","__typename":"HierarchyPathItem"},{"id":"Herkku_00000118","name":"Jogurtit","slug":"maito-munat-ja-rasvat-0/jogurtit","__typename":"HierarchyPathItem"},{"id":"Herkku_00000006","name":"Maito, munat ja rasvat","slug":"maito-munat-ja-rasvat-0","__typename":"HierarchyPathItem"}],"isGlobalFallback":null,"countryName":{"fi":"Itävalta","__typename":"CountryName"}},{"id":"6414893097124","ean":"6414893097124","name":"Kotimaista laktoositon maitojuoma 3% 1L","price":1.65,"storeId":725782447,"__typename":"Product","approxPrice":false,"basicQuantityUnit":"KPL","comparisonPrice":1.65,"comparisonUnit":"LTR","consumerPackageSize":null,"consumerPackageUnit":null,"priceUnit":"KPL","quantityMultiplier":1,"brandName":"Kotimaista","slug":"kotimaista-laktoositon-maitojuoma-3-1l","isAgeLimitedByAlcohol":false,"frozen":false,"packagingLabels":["Hyvää Suomesta (Sininen Joutsen)"],"packagingLabelCodes":["GOODS_FROM_FINLAND_BLUE_SWAN"],"hierarchyPath":[{"id":"1591691235495236","name":"Laktoosittomat ja vähälaktoosiset maidot","slug":"maito-munat-ja-rasvat-0/maidot-ja-piimat/laktoosittomat-ja-vahalaktoosiset-maidot","__typename":"HierarchyPathItem"},{"id":"Herkku_00000122","name":"Maidot ja piimät","slug":"maito-munat-ja-rasvat-0/maidot-ja-piimat","__typename":"HierarchyPathItem"},{"id":"Herkku_00000006","name":"Maito, munat ja rasvat","slug":"maito-munat-ja-rasvat-0","__typename":"HierarchyPathItem"}],"isGlobalFallback":null,"countryName":{"fi":"Suomi","__typename":"CountryName"}},{"id":"6414893097445","ean":"6414893097445","name":"Rainbow 50g proteiinipatukka mansikka","price":1.39,"storeId":725782447,"__typename":"Product","approxPrice":false,"basicQuantityUnit":"KPL","comparisonPrice":27.8,"comparisonUnit":"KGM","consumerPackageSize":null,"consumerPackageUnit":null,"priceUnit":"KPL","quantityMultiplier":1,"brandName":"Rainbow","slug":"rainbow-50g-proteiinipatukka-mansikka","isAgeLimitedByAlcohol":false,"frozen":false,"packagingLabels":[],"packagingLabelCodes":[],"hierarchyPath":[{"id":"Herkku_00000979","name":"Proteiinipatukat","slug":"luontaistuotteet-ja-lisaravinteet-1/urheiluravinnepatukat/proteiinipatukat","__typename":"HierarchyPathItem"},{"id":"Herkku_00000159","name":"Urheiluravinnepatukat","slug":"luontaistuotteet-ja-lisaravinteet-1/urheiluravinnepatukat","__typename":"HierarchyPathItem"},{"id":"Herkku_00000016","name":"Luontaistuotteet ja lisäravinteet","slug":"luontaistuotteet-ja-lisaravinteet-1","__typename":"HierarchyPathItem"}],"isGlobalFallback":null,"countryName":{"fi":"Ruotsi","__typename":"CountryName"}},{"id":"6414893097469","ean":"6414893097469","name":"Rainbow 50g proteiinipatukka toffee","price":1.39,"storeId":725782447,"__typename":"Product","approxPrice":false,"basicQuantityUnit":"KPL","comparisonPrice":27.8,"comparisonUnit":"KGM","consumerPackageSize":null,"consumerPackageUnit":null,"priceUnit":"KPL","quantityMultiplier":1,"brandName":"Rainbow","slug":"rainbow-50g-proteiinipatukka-toffee","isAgeLimitedByAlcohol":false,"frozen":false,"packagingLabels":[],"packagingLabelCodes":[],"hierarchyPath":[{"id":"Herkku_00000979","name":"Proteiinipatukat","slug":"luontaistuotteet-ja-lisaravinteet-1/urheiluravinnepatukat/proteiinipatukat","__typename":"HierarchyPathItem"},{"id":"Herkku_00000159","name":"Urheiluravinnepatukat","slug":"luontaistuotteet-ja-lisaravinteet-1/urheiluravinnepatukat","__typename":"HierarchyPathItem"},{"id":"Herkku_00000016","name":"Luontaistuotteet ja lisäravinteet","slug":"luontaistuotteet-ja-lisaravinteet-1","__typename":"HierarchyPathItem"}],"isGlobalFallback":null,"countryName":{"fi":"Ruotsi","__typename":"CountryName"}},{"id":"6414893097483","ean":"6414893097483","name":"Rainbow 50g proteiinipatukka minttusuklaa","price":1.39,"storeId":725782447,"__typename":"Product","approxPrice":false,"basicQuantityUnit":"KPL","comparisonPrice":27.8,"comparisonUnit":"KGM","consumerPackageSize":null,"consumerPackageUnit":null,"priceUnit":"KPL","quantityMultiplier":1,"brandName":"Rainbow","slug":"rainbow-50g-proteiinipatukka-minttusuklaa","isAgeLimitedByAlcohol":false,"frozen":false,"packagingLabels":[],"packagingLabelCodes":[],"hierarchyPath":[{"id":"Herkku_00000979","name":"Proteiinipatukat","slug":"luontaistuotteet-ja-lisaravinteet-1/urheiluravinnepatukat/proteiinipatukat","__typename":"HierarchyPathItem"},{"id":"Herkku_00000159","name":"Urheiluravinnepatukat","slug":"luontaistuotteet-ja-lisaravinteet-1/urheiluravinnepatukat","__typename":"HierarchyPathItem"},{"id":"Herkku_00000016","name":"Luontaistuotteet ja lisäravinteet","slug":"luontaistuotteet-ja-lisaravinteet-1","__typename":"HierarchyPathItem"}],"isGlobalFallback":null,"countryName":{"fi":"Ruotsi","__typename":"CountryName"}},{"id":"6414893097506","ean":"6414893097506","name":"Rainbow 50g proteiinipatukka pähkinä","price":1.39,"storeId":725782447,"__typename":"Product","approxPrice":false,"basicQuantityUnit":"KPL","comparisonPrice":27.8,"comparisonUnit":"KGM","consumerPackageSize":null,"consumerPackageUnit":null,"priceUnit":"KPL","quantityMultiplier":1,"brandName":"Rainbow","slug":"rainbow-50g-proteiinipatukka-pahkina","isAgeLimitedByAlcohol":false,"frozen":false,"packagingLabels":[],"packagingLabelCodes":[],"hierarchyPath":[{"id":"Herkku_00000979","name":"Proteiinipatukat","slug":"luontaistuotteet-ja-lisaravinteet-1/urheiluravinnepatukat/proteiinipatukat","__typename":"HierarchyPathItem"},{"id":"Herkku_00000159","name":"Urheiluravinnepatukat","slug":"luontaistuotteet-ja-lisaravinteet-1/urheiluravinnepatukat","__typename":"HierarchyPathItem"},{"id":"Herkku_00000016","name":"Luontaistuotteet ja lisäravinteet","slug":"luontaistuotteet-ja-lisaravinteet-1","__typename":"HierarchyPathItem"}],"isGlobalFallback":null,"countryName":{"fi":"Ruotsi","__typename":"CountryName"}},{"id":"6414893097612","ean":"6414893097612","name":"Rainbow alkaliparisto AA/LR6 1,5V 12kpl","price":3.35,"storeId":725782447,"__typename":"Product","approxPrice":false,"basicQuantityUnit":"KPL","comparisonPrice":0.28,"comparisonUnit":"PCE","consumerPackageSize":null,"consumerPackageUnit":null,"priceUnit":"KPL","quantityMultiplier":1,"brandName":"Rainbow","slug":"rainbow-alkaliparisto-aalr6-1-5v-12kpl","isAgeLimitedByAlcohol":false,"frozen":false,"packagingLabels":[],"packagingLabelCodes":[],"hierarchyPath":null,"isGlobalFallback":null,"countryName":{"fi":"Kiina","__typename":"CountryName"}},{"id":"6414893097629","ean":"6414893097629","name":"Rainbow alkaliparisto AAA/LR03 1,5V 12 kpl","price":3.35,"storeId":725782447,"__typename":"Product","approxPrice":false,"basicQuantityUnit":"KPL","comparisonPrice":0.28,"comparisonUnit":"PCE","consumerPackageSize":null,"consumerPackageUnit":null,"priceUnit":"KPL","quantityMultiplier":1,"brandName":"Rainbow","slug":"rainbow-alkaliparisto-aaalr03-1-5v-12-kpl","isAgeLimitedByAlcohol":false,"frozen":false,"packagingLabels":[],"packagingLabelCodes":[],"hierarchyPath":null,"isGlobalFallback":null,"countryName":{"fi":"Kiina","__typename":"CountryName"}},{"id":"6414893103009","ean":"6414893103009","name":"Rainbow 200g vadelma, pakaste","price":2.29,"storeId":725782447,"__typename":"Product","approxPrice":false,"basicQuantityUnit":"KPL","comparisonPrice":11.45,"comparisonUnit":"KGM","consumerPackageSize":null,"consumerPackageUnit":null,"priceUnit":"KPL","quantityMultiplier":1,"brandName":"Rainbow","slug":"rainbow-200g-vadelma-pakaste","isAgeLimitedByAlcohol":false,"frozen":true,"packagingLabels":[],"packagingLabelCodes":[],"hierarchyPath":[{"id":"Herkku_00000733","name":"Marjapakasteet","slug":"pakasteet-1/hedelma-ja-marjapakasteet/marjapakasteet","__typename":"HierarchyPathItem"},{"id":"Herkku_00000126","name":"Hedelmä- ja marjapakasteet","slug":"pakasteet-1/hedelma-ja-marjapakasteet","__typename":"HierarchyPathItem"},{"id":"Herkku_00000013","name":"Pakasteet","slug":"pakasteet-1","__typename":"HierarchyPathItem"}],"isGlobalFallback":null,"countryName":null},{"id":"6414893112346","ean":"6414893112346","name":"Kotimaista Kebablastu 400g pakaste","price":4.6,"storeId":725782447,"__typename":"Product","approxPrice":false,"basicQuantityUnit":"KPL","comparisonPrice":11.5,"comparisonUnit":"KGM","consumerPackageSize":null,"consumerPackageUnit":null,"priceUnit":"KPL","quantityMultiplier":1,"brandName":"Kotimaista","slug":"kotimaista-kebablastu-400g-pakaste","isAgeLimitedByAlcohol":false,"frozen":true,"packagingLabels":["Hyvää Suomesta (Sininen Joutsen)"],"packagingLabelCodes":["GOODS_FROM_FINLAND_BLUE_SWAN"],"hierarchyPath":[{"id":"1591691225905845","name":"Valmiit pakasteateriat","slug":"pakasteet-1/pakasteateriat/valmiit-pakasteateriat","__typename":"HierarchyPathItem"},{"id":"Herkku_00000129","name":"Pakasteateriat","slug":"pakasteet-1/pakasteateriat","__typename":"HierarchyPathItem"},{"id":"Herkku_00000013","name":"Pakasteet","slug":"pakasteet-1","__typename":"HierarchyPathItem"}],"isGlobalFallback":null,"countryName":{"fi":"Suomi","__typename":"CountryName"}},{"id":"6414893121560","ean":"6414893121560","name":"Kotimaista Kasvissosekeitto pakaste 400g","price":1.8,"storeId":725782447,"__typename":"Product","approxPrice":false,"basicQuantityUnit":"KPL","comparisonPrice":4.5,"comparisonUnit":"KGM","consumerPackageSize":null,"consumerPackageUnit":null,"priceUnit":"KPL","quantityMultiplier":1,"brandName":"Kotimaista","slug":"kotimaista-kasvissosekeitto-pakaste-400g","isAgeLimitedByAlcohol":false,"frozen":true,"packagingLabels":["Hyvää Suomesta (Sininen Joutsen)"],"packagingLabelCodes":["GOODS_FROM_FINLAND_BLUE_SWAN"],"hierarchyPath":null,"isGlobalFallback":null,"countryName":{"fi":"Suomi","__typename":"CountryName"}},{"id":"6414893123458","ean":"6414893123458","name":"Rainbow 345g salamipizza vähälaktoosinen pakaste","price":3.09,"storeId":725782447,"__typename":"Product","approxPrice":false,"basicQuantityUnit":"KPL","comparisonPrice":8.96,"comparisonUnit":"KGM","consumerPackageSize":null,"consumerPackageUnit":null,"priceUnit":"KPL","quantityMultiplier":1,"brandName":"Rainbow","slug":"rainbow-345g-salamipizza-vahalaktoosinen-pakaste","isAgeLimitedByAlcohol":false,"frozen":true,"packagingLabels":[],"packagingLabelCodes":[],"hierarchyPath":[{"id":"1591691225905856","name":"Pakastepizzat","slug":"pakasteet-1/pakastepizzat/pakastepizzat","__typename":"HierarchyPathItem"},{"id":"1591691225905854","name":"Pakastepizzat","slug":"pakasteet-1/pakastepizzat","__typename":"HierarchyPathItem"},{"id":"Herkku_00000013","name":"Pakasteet","slug":"pakasteet-1","__typename":"HierarchyPathItem"}],"isGlobalFallback":null,"countryName":{"fi":"Italia","__typename":"CountryName"}},{"id":"6414893128835","ean":"6414893128835","name":"Rainbow Riisipiirakka 720 g pakaste","price":2.39,"storeId":725782447,"__typename":"Product","approxPrice":false,"basicQuantityUnit":"KPL","comparisonPrice":3.32,"comparisonUnit":"KGM","consumerPackageSize":null,"consumerPackageUnit":null,"priceUnit":"KPL","quantityMultiplier":1,"brandName":"Rainbow","slug":"rainbow-riisipiirakka-720-g-pakaste","isAgeLimitedByAlcohol":false,"frozen":true,"packagingLabels":[],"packagingLabelCodes":[],"hierarchyPath":[{"id":"1591691225974009","name":"Piirakat ja pasteijat","slug":"pakasteet-1/leivonnais-ja-leipapakasteet/piirakat-ja-pasteijat","__typename":"HierarchyPathItem"},{"id":"Herkku_00000125","name":"Leivonnais- ja leipäpakasteet","slug":"pakasteet-1/leivonnais-ja-leipapakasteet","__typename":"HierarchyPathItem"},{"id":"Herkku_00000013","name":"Pakasteet","slug":"pakasteet-1","__typename":"HierarchyPathItem"}],"isGlobalFallback":null,"countryName":{"fi":"Suomi","__typename":"CountryName"}},{"id":"6414893128842","ean":"6414893128842","name":"Rainbow 350g valkosipulivoipatonki 2kpl pakaste","price":2.59,"storeId":725782447,"__typename":"Product","approxPrice":false,"basicQuantityUnit":"KPL","comparisonPrice":7.4,"comparisonUnit":"KGM","consumerPackageSize":null,"consumerPackageUnit":null,"priceUnit":"KPL","quantityMultiplier":1,"brandName":"Rainbow","slug":"rainbow-350g-valkosipulivoipatonki-2kpl-pakaste","isAgeLimitedByAlcohol":false,"frozen":true,"packagingLabels":[],"packagingLabelCodes":[],"hierarchyPath":[{"id":"1591691225974006","name":"Leivät ja patongit","slug":"pakasteet-1/leivonnais-ja-leipapakasteet/leivat-ja-patongit","__typename":"HierarchyPathItem"},{"id":"Herkku_00000125","name":"Leivonnais- ja leipäpakasteet","slug":"pakasteet-1/leivonnais-ja-leipapakasteet","__typename":"HierarchyPathItem"},{"id":"Herkku_00000013","name":"Pakasteet","slug":"pakasteet-1","__typename":"HierarchyPathItem"}],"isGlobalFallback":null,"countryName":{"fi":"Saksa","__typename":"CountryName"}},{"id":"6414893128897","ean":"6414893128897","name":"Rainbow 600g uunijuurekset pakaste","price":1.99,"storeId":725782447,"__typename":"Product","approxPrice":false,"basicQuantityUnit":"KPL","comparisonPrice":3.32,"comparisonUnit":"KGM","consumerPackageSize":null,"consumerPackageUnit":null,"priceUnit":"KPL","quantityMultiplier":1,"brandName":"Rainbow","slug":"rainbow-600g-uunijuurekset-pakaste","isAgeLimitedByAlcohol":false,"frozen":true,"packagingLabels":[],"packagingLabelCodes":[],"hierarchyPath":[{"id":"1591691225905745","name":"Kasvissekoitukset","slug":"pakasteet-1/kasvispakasteet/kasvissekoitukset","__typename":"HierarchyPathItem"},{"id":"Herkku_00000132","name":"Kasvispakasteet","slug":"pakasteet-1/kasvispakasteet","__typename":"HierarchyPathItem"},{"id":"Herkku_00000013","name":"Pakasteet","slug":"pakasteet-1","__typename":"HierarchyPathItem"}],"isGlobalFallback":null,"countryName":{"fi":"Belgia","__typename":"CountryName"}},{"id":"6414893132030","ean":"6414893132030","name":"Kotimaista Kotipulla, 400 g, 8 kpl esipaistettu","price":3.19,"storeId":725782447,"__typename":"Product","approxPrice":false,"basicQuantityUnit":"KPL","comparisonPrice":7.98,"comparisonUnit":"KGM","consumerPackageSize":null,"consumerPackageUnit":null,"priceUnit":"KPL","quantityMultiplier":1,"brandName":"Kotimaista","slug":"kotimaista-kotipulla-400-g-8-kpl-esipaistettu","isAgeLimitedByAlcohol":false,"frozen":true,"packagingLabels":["Hyvää Suomesta (Sininen Joutsen)"],"packagingLabelCodes":["GOODS_FROM_FINLAND_BLUE_SWAN"],"hierarchyPath":[{"id":"1591691225974004","name":"Kakut, pullat ja leivokset","slug":"pakasteet-1/leivonnais-ja-leipapakasteet/kakut-pullat-ja-leivokset","__typename":"HierarchyPathItem"},{"id":"Herkku_00000125","name":"Leivonnais- ja leipäpakasteet","slug":"pakasteet-1/leivonnais-ja-leipapakasteet","__typename":"HierarchyPathItem"},{"id":"Herkku_00000013","name":"Pakasteet","slug":"pakasteet-1","__typename":"HierarchyPathItem"}],"isGlobalFallback":null,"countryName":{"fi":"Suomi","__typename":"CountryName"}},{"id":"6414893132696","ean":"6414893132696","name":"Rainbow 300g kalakuutiot pakaste","price":3.8,"storeId":725782447,"__typename":"Product","approxPrice":false,"basicQuantityUnit":"KPL","comparisonPrice":12.67,"comparisonUnit":"KGM","consumerPackageSize":null,"consumerPackageUnit":null,"priceUnit":"KPL","quantityMultiplier":1,"brandName":"Rainbow","slug":"rainbow-300g-kalakuutiot-pakaste","isAgeLimitedByAlcohol":false,"frozen":true,"packagingLabels":[],"packagingLabelCodes":[],"hierarchyPath":[{"id":"1591691225905833","name":"Kala ja äyriäiset","slug":"pakasteet-1/liha-ja-kalapakasteet/kala-ja-ayriaiset","__typename":"HierarchyPathItem"},{"id":"Herkku_00000131","name":"Liha- ja kalapakasteet","slug":"pakasteet-1/liha-ja-kalapakasteet","__typename":"HierarchyPathItem"},{"id":"Herkku_00000013","name":"Pakasteet","slug":"pakasteet-1","__typename":"HierarchyPathItem"}],"isGlobalFallback":null,"countryName":{"fi":"Puola","__typename":"CountryName"}},{"id":"6414893134799","ean":"6414893134799","name":"Rainbow 750g Crispy Longs ranskanperunat pakaste gluteeniton","price":2.55,"storeId":725782447,"__typename":"Product","approxPrice":false,"basicQuantityUnit":"KPL","comparisonPrice":3.4,"comparisonUnit":"KGM","consumerPackageSize":null,"consumerPackageUnit":null,"priceUnit":"KPL","quantityMultiplier":1,"brandName":"Rainbow","slug":"rainbow-750g-crispy-longs-ranskanperunat-pakaste-gluteeniton","isAgeLimitedByAlcohol":false,"frozen":true,"packagingLabels":[],"packagingLabelCodes":[],"hierarchyPath":[{"id":"1591691225905752","name":"Ranskalaiset perunat ja lohkoperunat","slug":"pakasteet-1/perunapakasteet/ranskalaiset-perunat-ja-lohkoperunat","__typename":"HierarchyPathItem"},{"id":"Herkku_00000128","name":"Perunapakasteet","slug":"pakasteet-1/perunapakasteet","__typename":"HierarchyPathItem"},{"id":"Herkku_00000013","name":"Pakasteet","slug":"pakasteet-1","__typename":"HierarchyPathItem"}],"isGlobalFallback":null,"countryName":{"fi":"Belgia","__typename":"CountryName"}},{"id":"6414893136304","ean":"6414893136304","name":"Kotimaista Pizzapohja 4kpl/360g","price":1.79,"storeId":725782447,"__typename":"Product","approxPrice":false,"basicQuantityUnit":"KPL","comparisonPrice":4.97,"comparisonUnit":"KGM","consumerPackageSize":null,"consumerPackageUnit":null,"priceUnit":"KPL","quantityMultiplier":1,"brandName":"Kotimaista","slug":"kotimaista-pizzapohja-4kpl360g","isAgeLimitedByAlcohol":false,"frozen":true,"packagingLabels":["Hyvää Suomesta (Sininen Joutsen)"],"packagingLabelCodes":["GOODS_FROM_FINLAND_BLUE_SWAN"],"hierarchyPath":null,"isGlobalFallback":null,"countryName":{"fi":"Suomi","__typename":"CountryName"}},{"id":"6414893138186","ean":"6414893138186","name":"Kotimaista Peruna-sipulisekoitus pakaste 1kg","price":1.5,"storeId":725782447,"__typename":"Product","approxPrice":false,"basicQuantityUnit":"KPL","comparisonPrice":1.5,"comparisonUnit":"KGM","consumerPackageSize":null,"consumerPackageUnit":null,"priceUnit":"KPL","quantityMultiplier":1,"brandName":"Kotimaista","slug":"kotimaista-peruna-sipulisekoitus-pakaste-1kg","isAgeLimitedByAlcohol":false,"frozen":true,"packagingLabels":["Hyvää Suomesta (Sininen Joutsen)"," Sydänmerkki"],"packagingLabelCodes":["FINNISH_HEART_SYMBOL"," GOODS_FROM_FINLAND_BLUE_SWAN"],"hierarchyPath":[{"id":"1591691225905753","name":"Perunasuikaleet ja -sekoitukset","slug":"pakasteet-1/perunapakasteet/perunasuikaleet-ja-sekoitukset","__typename":"HierarchyPathItem"},{"id":"Herkku_00000128","name":"Perunapakasteet","slug":"pakasteet-1/perunapakasteet","__typename":"HierarchyPathItem"},{"id":"Herkku_00000013","name":"Pakasteet","slug":"pakasteet-1","__typename":"HierarchyPathItem"}],"isGlobalFallback":null,"countryName":{"fi":"Suomi","__typename":"CountryName"}},{"id":"6414893138193","ean":"6414893138193","name":"Kotimaista Vihannessekoitus pakaste 250g","price":0.59,"storeId":725782447,"__typename":"Product","approxPrice":false,"basicQuantityUnit":"KPL","comparisonPrice":2.36,"comparisonUnit":"KGM","consumerPackageSize":null,"consumerPackageUnit":null,"priceUnit":"KPL","quantityMultiplier":1,"brandName":"Kotimaista","slug":"kotimaista-vihannessekoitus-pakaste-250g","isAgeLimitedByAlcohol":false,"frozen":true,"packagingLabels":["Hyvää Suomesta (Sininen Joutsen)"," Sydänmerkki"],"packagingLabelCodes":["FINNISH_HEART_SYMBOL"," GOODS_FROM_FINLAND_BLUE_SWAN"],"hierarchyPath":[{"id":"1591691225905745","name":"Kasvissekoitukset","slug":"pakasteet-1/kasvispakasteet/kasvissekoitukset","__typename":"HierarchyPathItem"},{"id":"Herkku_00000132","name":"Kasvispakasteet","slug":"pakasteet-1/kasvispakasteet","__typename":"HierarchyPathItem"},{"id":"Herkku_00000013","name":"Pakasteet","slug":"pakasteet-1","__typename":"HierarchyPathItem"}],"isGlobalFallback":null,"countryName":{"fi":"Suomi","__typename":"CountryName"}},{"id":"6414893138209","ean":"6414893138209","name":"Rainbow 200g herne-maissi-paprika pakaste","price":0.65,"storeId":725782447,"__typename":"Product","approxPrice":false,"basicQuantityUnit":"KPL","comparisonPrice":3.25,"comparisonUnit":"KGM","consumerPackageSize":null,"consumerPackageUnit":null,"priceUnit":"KPL","quantityMultiplier":1,"brandName":"Rainbow","slug":"rainbow-200g-herne-maissi-paprika-pakaste","isAgeLimitedByAlcohol":false,"frozen":true,"packagingLabels":["Sydänmerkki"],"packagingLabelCodes":["FINNISH_HEART_SYMBOL"],"hierarchyPath":[{"id":"1591691225905745","name":"Kasvissekoitukset","slug":"pakasteet-1/kasvispakasteet/kasvissekoitukset","__typename":"HierarchyPathItem"},{"id":"Herkku_00000132","name":"Kasvispakasteet","slug":"pakasteet-1/kasvispakasteet","__typename":"HierarchyPathItem"},{"id":"Herkku_00000013","name":"Pakasteet","slug":"pakasteet-1","__typename":"HierarchyPathItem"}],"isGlobalFallback":null,"countryName":{"fi":"Belgia","__typename":"CountryName"}},{"id":"6414893138216","ean":"6414893138216","name":"Kotimaista Keittojuurekset pakaste 200g","price":0.49,"storeId":725782447,"__typename":"Product","approxPrice":false,"basicQuantityUnit":"KPL","comparisonPrice":2.45,"comparisonUnit":"KGM","consumerPackageSize":null,"consumerPackageUnit":null,"priceUnit":"KPL","quantityMultiplier":1,"brandName":"Kotimaista","slug":"kotimaista-keittojuurekset-pakaste-200g","isAgeLimitedByAlcohol":false,"frozen":true,"packagingLabels":["Hyvää Suomesta (Sininen Joutsen)"," Sydänmerkki"],"packagingLabelCodes":["FINNISH_HEART_SYMBOL"," GOODS_FROM_FINLAND_BLUE_SWAN"],"hierarchyPath":[{"id":"1591691225905745","name":"Kasvissekoitukset","slug":"pakasteet-1/kasvispakasteet/kasvissekoitukset","__typename":"HierarchyPathItem"},{"id":"Herkku_00000132","name":"Kasvispakasteet","slug":"pakasteet-1/kasvispakasteet","__typename":"HierarchyPathItem"},{"id":"Herkku_00000013","name":"Pakasteet","slug":"pakasteet-1","__typename":"HierarchyPathItem"}],"isGlobalFallback":null,"countryName":{"fi":"Suomi","__typename":"CountryName"}},{"id":"6414893141896","ean":"6414893141896","name":"Rainbow 750g lankkuperunat pakaste","price":2.35,"storeId":725782447,"__typename":"Product","approxPrice":false,"basicQuantityUnit":"KPL","comparisonPrice":3.13,"comparisonUnit":"KGM","consumerPackageSize":null,"consumerPackageUnit":null,"priceUnit":"KPL","quantityMultiplier":1,"brandName":"Rainbow","slug":"rainbow-750g-lankkuperunat-pakaste","isAgeLimitedByAlcohol":false,"frozen":true,"packagingLabels":[],"packagingLabelCodes":[],"hierarchyPath":[{"id":"1591691225905752","name":"Ranskalaiset perunat ja lohkoperunat","slug":"pakasteet-1/perunapakasteet/ranskalaiset-perunat-ja-lohkoperunat","__typename":"HierarchyPathItem"},{"id":"Herkku_00000128","name":"Perunapakasteet","slug":"pakasteet-1/perunapakasteet","__typename":"HierarchyPathItem"},{"id":"Herkku_00000013","name":"Pakasteet","slug":"pakasteet-1","__typename":"HierarchyPathItem"}],"isGlobalFallback":null,"countryName":{"fi":"Belgia","__typename":"CountryName"}},{"id":"6414893148895","ean":"6414893148895","name":"Rainbow 150 g päärynä-vaniljajogurtti","price":0.44,"storeId":725782447,"__typename":"Product","approxPrice":false,"basicQuantityUnit":"KPL","comparisonPrice":2.93,"comparisonUnit":"KGM","consumerPackageSize":null,"consumerPackageUnit":null,"priceUnit":"KPL","quantityMultiplier":1,"brandName":"Rainbow","slug":"rainbow-150-g-paaryna-vaniljajogurtti","isAgeLimitedByAlcohol":false,"frozen":false,"packagingLabels":[],"packagingLabelCodes":[],"hierarchyPath":[{"id":"1591691235643803","name":"Maustetut jogurtit","slug":"maito-munat-ja-rasvat-0/jogurtit/maustetut-jogurtit","__typename":"HierarchyPathItem"},{"id":"Herkku_00000118","name":"Jogurtit","slug":"maito-munat-ja-rasvat-0/jogurtit","__typename":"HierarchyPathItem"},{"id":"Herkku_00000006","name":"Maito, munat ja rasvat","slug":"maito-munat-ja-rasvat-0","__typename":"HierarchyPathItem"}],"isGlobalFallback":null,"countryName":{"fi":"Suomi","__typename":"CountryName"}},{"id":"6414893148901","ean":"6414893148901","name":"Rainbow 150 g mansikka jogurtti","price":0.44,"storeId":725782447,"__typename":"Product","approxPrice":false,"basicQuantityUnit":"KPL","comparisonPrice":2.93,"comparisonUnit":"KGM","consumerPackageSize":null,"consumerPackageUnit":null,"priceUnit":"KPL","quantityMultiplier":1,"brandName":"Rainbow","slug":"rainbow-150-g-mansikka-jogurtti","isAgeLimitedByAlcohol":false,"frozen":false,"packagingLabels":[],"packagingLabelCodes":[],"hierarchyPath":[{"id":"1591691235643803","name":"Maustetut jogurtit","slug":"maito-munat-ja-rasvat-0/jogurtit/maustetut-jogurtit","__typename":"HierarchyPathItem"},{"id":"Herkku_00000118","name":"Jogurtit","slug":"maito-munat-ja-rasvat-0/jogurtit","__typename":"HierarchyPathItem"},{"id":"Herkku_00000006","name":"Maito, munat ja rasvat","slug":"maito-munat-ja-rasvat-0","__typename":"HierarchyPathItem"}],"isGlobalFallback":null,"countryName":{"fi":"Suomi","__typename":"CountryName"}},{"id":"6414893148918","ean":"6414893148918","name":"Rainbow 150 g hedelmäjogurtti","price":0.44,"storeId":725782447,"__typename":"Product","approxPrice":false,"basicQuantityUnit":"KPL","comparisonPrice":2.93,"comparisonUnit":"KGM","consumerPackageSize":null,"consumerPackageUnit":null,"priceUnit":"KPL","quantityMultiplier":1,"brandName":"Rainbow","slug":"rainbow-150-g-hedelmajogurtti","isAgeLimitedByAlcohol":false,"frozen":false,"packagingLabels":[],"packagingLabelCodes":[],"hierarchyPath":[{"id":"1591691235643803","name":"Maustetut jogurtit","slug":"maito-munat-ja-rasvat-0/jogurtit/maustetut-jogurtit","__typename":"HierarchyPathItem"},{"id":"Herkku_00000118","name":"Jogurtit","slug":"maito-munat-ja-rasvat-0/jogurtit","__typename":"HierarchyPathItem"},{"id":"Herkku_00000006","name":"Maito, munat ja rasvat","slug":"maito-munat-ja-rasvat-0","__typename":"HierarchyPathItem"}],"isGlobalFallback":null,"countryName":{"fi":"Suomi","__typename":"CountryName"}},{"id":"6414893148925","ean":"6414893148925","name":"Kotimaista vähälaktoosinen 1% viili 200g","price":0.55,"storeId":725782447,"__typename":"Product","approxPrice":false,"basicQuantityUnit":"KPL","comparisonPrice":2.75,"comparisonUnit":"KGM","consumerPackageSize":null,"consumerPackageUnit":null,"priceUnit":"KPL","quantityMultiplier":1,"brandName":"Kotimaista","slug":"kotimaista-vahalaktoosinen-1-viili-200g","isAgeLimitedByAlcohol":false,"frozen":false,"packagingLabels":["Hyvää Suomesta (Sininen Joutsen)"," Sydänmerkki"],"packagingLabelCodes":["FINNISH_HEART_SYMBOL"," GOODS_FROM_FINLAND_BLUE_SWAN"],"hierarchyPath":[{"id":"Herkku_00000631","name":"Maustamattomat viilit","slug":"maito-munat-ja-rasvat-0/viilit/maustamattomat-viilit","__typename":"HierarchyPathItem"},{"id":"Herkku_00000117","name":"Viilit","slug":"maito-munat-ja-rasvat-0/viilit","__typename":"HierarchyPathItem"},{"id":"Herkku_00000006","name":"Maito, munat ja rasvat","slug":"maito-munat-ja-rasvat-0","__typename":"HierarchyPathItem"}],"isGlobalFallback":null,"countryName":{"fi":"Suomi","__typename":"CountryName"}},{"id":"6414893149540","ean":"6414893149540","name":"Kotimaista Korvapuusti 390 g pakaste","price":2.49,"storeId":725782447,"__typename":"Product","approxPrice":false,"basicQuantityUnit":"KPL","comparisonPrice":6.38,"comparisonUnit":"KGM","consumerPackageSize":null,"consumerPackageUnit":null,"priceUnit":"KPL","quantityMultiplier":1,"brandName":"Kotimaista","slug":"kotimaista-korvapuusti-390-g-pakaste","isAgeLimitedByAlcohol":false,"frozen":true,"packagingLabels":["Hyvää Suomesta (Sininen Joutsen)"],"packagingLabelCodes":["GOODS_FROM_FINLAND_BLUE_SWAN"],"hierarchyPath":[{"id":"1591691225974004","name":"Kakut, pullat ja leivokset","slug":"pakasteet-1/leivonnais-ja-leipapakasteet/kakut-pullat-ja-leivokset","__typename":"HierarchyPathItem"},{"id":"Herkku_00000125","name":"Leivonnais- ja leipäpakasteet","slug":"pakasteet-1/leivonnais-ja-leipapakasteet","__typename":"HierarchyPathItem"},{"id":"Herkku_00000013","name":"Pakasteet","slug":"pakasteet-1","__typename":"HierarchyPathItem"}],"isGlobalFallback":null,"countryName":{"fi":"Suomi","__typename":"CountryName"}},{"id":"6414893149595","ean":"6414893149595","name":"Rainbow 750g kermaperunat pakaste","price":2.75,"storeId":725782447,"__typename":"Product","approxPrice":false,"basicQuantityUnit":"KPL","comparisonPrice":3.67,"comparisonUnit":"KGM","consumerPackageSize":null,"consumerPackageUnit":null,"priceUnit":"KPL","quantityMultiplier":1,"brandName":"Rainbow","slug":"rainbow-750g-kermaperunat-pakaste","isAgeLimitedByAlcohol":false,"frozen":true,"packagingLabels":[],"packagingLabelCodes":[],"hierarchyPath":[{"id":"1591691225905781","name":"Perunasoseet ja muut perunapakasteet","slug":"pakasteet-1/perunapakasteet/perunasoseet-ja-muut-perunapakasteet","__typename":"HierarchyPathItem"},{"id":"Herkku_00000128","name":"Perunapakasteet","slug":"pakasteet-1/perunapakasteet","__typename":"HierarchyPathItem"},{"id":"Herkku_00000013","name":"Pakasteet","slug":"pakasteet-1","__typename":"HierarchyPathItem"}],"isGlobalFallback":null,"countryName":null},{"id":"6414893154452","ean":"6414893154452","name":"Rainbow 750g peruna ja keittojuurekset pakaste","price":1.55,"storeId":725782447,"__typename":"Product","approxPrice":false,"basicQuantityUnit":"KPL","comparisonPrice":2.07,"comparisonUnit":"KGM","consumerPackageSize":null,"consumerPackageUnit":null,"priceUnit":"KPL","quantityMultiplier":1,"brandName":"Rainbow","slug":"rainbow-750g-peruna-ja-keittojuurekset-pakaste","isAgeLimitedByAlcohol":false,"frozen":true,"packagingLabels":["Sydänmerkki"],"packagingLabelCodes":["FINNISH_HEART_SYMBOL"],"hierarchyPath":[{"id":"1591691225905745","name":"Kasvissekoitukset","slug":"pakasteet-1/kasvispakasteet/kasvissekoitukset","__typename":"HierarchyPathItem"},{"id":"Herkku_00000132","name":"Kasvispakasteet","slug":"pakasteet-1/kasvispakasteet","__typename":"HierarchyPathItem"},{"id":"Herkku_00000013","name":"Pakasteet","slug":"pakasteet-1","__typename":"HierarchyPathItem"}],"isGlobalFallback":null,"countryName":{"fi":"Puola","__typename":"CountryName"}},{"id":"6414893157668","ean":"6414893157668","name":"Rainbow 450g kuorrutetut lohkoperunat valkosipuli pakaste","price":1.39,"storeId":725782447,"__typename":"Product","approxPrice":false,"basicQuantityUnit":"KPL","comparisonPrice":3.09,"comparisonUnit":"KGM","consumerPackageSize":null,"consumerPackageUnit":null,"priceUnit":"KPL","quantityMultiplier":1,"brandName":"Rainbow","slug":"rainbow-450g-kuorrutetut-lohkoperunat-valkosipuli-pakaste","isAgeLimitedByAlcohol":false,"frozen":true,"packagingLabels":[],"packagingLabelCodes":[],"hierarchyPath":[{"id":"1591691225905752","name":"Ranskalaiset perunat ja lohkoperunat","slug":"pakasteet-1/perunapakasteet/ranskalaiset-perunat-ja-lohkoperunat","__typename":"HierarchyPathItem"},{"id":"Herkku_00000128","name":"Perunapakasteet","slug":"pakasteet-1/perunapakasteet","__typename":"HierarchyPathItem"},{"id":"Herkku_00000013","name":"Pakasteet","slug":"pakasteet-1","__typename":"HierarchyPathItem"}],"isGlobalFallback":null,"countryName":null},{"id":"6414893157811","ean":"6414893157811","name":"Rainbow Cocktailpiirakka 15kpl 675g, raakapakaste","price":2.49,"storeId":725782447,"__typename":"Product","approxPrice":false,"basicQuantityUnit":"KPL","comparisonPrice":3.69,"comparisonUnit":"KGM","consumerPackageSize":null,"consumerPackageUnit":null,"priceUnit":"KPL","quantityMultiplier":1,"brandName":"Rainbow","slug":"rainbow-cocktailpiirakka-15kpl-675g-raakapakaste","isAgeLimitedByAlcohol":false,"frozen":true,"packagingLabels":[],"packagingLabelCodes":[],"hierarchyPath":[{"id":"1591691225974009","name":"Piirakat ja pasteijat","slug":"pakasteet-1/leivonnais-ja-leipapakasteet/piirakat-ja-pasteijat","__typename":"HierarchyPathItem"},{"id":"Herkku_00000125","name":"Leivonnais- ja leipäpakasteet","slug":"pakasteet-1/leivonnais-ja-leipapakasteet","__typename":"HierarchyPathItem"},{"id":"Herkku_00000013","name":"Pakasteet","slug":"pakasteet-1","__typename":"HierarchyPathItem"}],"isGlobalFallback":null,"countryName":{"fi":"Suomi","__typename":"CountryName"}},{"id":"6414893158115","ean":"6414893158115","name":"Rainbow 350g yrttivoipatonki 2kpl pakaste","price":2.59,"storeId":725782447,"__typename":"Product","approxPrice":false,"basicQuantityUnit":"KPL","comparisonPrice":7.4,"comparisonUnit":"KGM","consumerPackageSize":null,"consumerPackageUnit":null,"priceUnit":"KPL","quantityMultiplier":1,"brandName":"Rainbow","slug":"rainbow-350g-yrttivoipatonki-2kpl-pakaste","isAgeLimitedByAlcohol":false,"frozen":true,"packagingLabels":[],"packagingLabelCodes":[],"hierarchyPath":[{"id":"1591691225974006","name":"Leivät ja patongit","slug":"pakasteet-1/leivonnais-ja-leipapakasteet/leivat-ja-patongit","__typename":"HierarchyPathItem"},{"id":"Herkku_00000125","name":"Leivonnais- ja leipäpakasteet","slug":"pakasteet-1/leivonnais-ja-leipapakasteet","__typename":"HierarchyPathItem"},{"id":"Herkku_00000013","name":"Pakasteet","slug":"pakasteet-1","__typename":"HierarchyPathItem"}],"isGlobalFallback":null,"countryName":{"fi":"Saksa","__typename":"CountryName"}},{"id":"6414893160187","ean":"6414893160187","name":"Rainbow 300g lohikuutiot pakaste","price":6.3,"storeId":725782447,"__typename":"Product","approxPrice":false,"basicQuantityUnit":"KPL","comparisonPrice":21,"comparisonUnit":"KGM","consumerPackageSize":null,"consumerPackageUnit":null,"priceUnit":"KPL","quantityMultiplier":1,"brandName":"Rainbow","slug":"rainbow-300g-lohikuutiot-pakaste","isAgeLimitedByAlcohol":false,"frozen":true,"packagingLabels":[],"packagingLabelCodes":[],"hierarchyPath":[{"id":"1591691225905833","name":"Kala ja äyriäiset","slug":"pakasteet-1/liha-ja-kalapakasteet/kala-ja-ayriaiset","__typename":"HierarchyPathItem"},{"id":"Herkku_00000131","name":"Liha- ja kalapakasteet","slug":"pakasteet-1/liha-ja-kalapakasteet","__typename":"HierarchyPathItem"},{"id":"Herkku_00000013","name":"Pakasteet","slug":"pakasteet-1","__typename":"HierarchyPathItem"}],"isGlobalFallback":null,"countryName":{"fi":"Norja","__typename":"CountryName"}},{"id":"6414893168961","ean":"6414893168961","name":"Rainbow 390g vaniljajäätelöpuikko 10kpl","price":2.65,"storeId":725782447,"__typename":"Product","approxPrice":false,"basicQuantityUnit":"KPL","comparisonPrice":6.79,"comparisonUnit":"KGM","consumerPackageSize":null,"consumerPackageUnit":null,"priceUnit":"KPL","quantityMultiplier":1,"brandName":"Rainbow","slug":"rainbow-390g-vaniljajaatelopuikko-10kpl","isAgeLimitedByAlcohol":false,"frozen":true,"packagingLabels":["Rainforest alliance certified (Sammakko-merkki)"],"packagingLabelCodes":["RAINFOREST_ALLIANCE"],"hierarchyPath":[{"id":"1591691225905930","name":"Jäätelöpakkaukset","slug":"pakasteet-1/jaatelot/jaatelopakkaukset","__typename":"HierarchyPathItem"},{"id":"Herkku_00000130","name":"Jäätelöt","slug":"pakasteet-1/jaatelot","__typename":"HierarchyPathItem"},{"id":"Herkku_00000013","name":"Pakasteet","slug":"pakasteet-1","__typename":"HierarchyPathItem"}],"isGlobalFallback":null,"countryName":{"fi":"Belgia","__typename":"CountryName"}},{"id":"6414893168978","ean":"6414893168978","name":"Rainbow 415g suklaatuutit 6kpl","price":2.49,"storeId":725782447,"__typename":"Product","approxPrice":false,"basicQuantityUnit":"KPL","comparisonPrice":6,"comparisonUnit":"KGM","consumerPackageSize":null,"consumerPackageUnit":null,"priceUnit":"KPL","quantityMultiplier":1,"brandName":"Rainbow","slug":"rainbow-415g-suklaatuutit-6kpl","isAgeLimitedByAlcohol":false,"frozen":true,"packagingLabels":["Rainforest alliance certified (Sammakko-merkki)"],"packagingLabelCodes":["RAINFOREST_ALLIANCE"],"hierarchyPath":[{"id":"1591691225905930","name":"Jäätelöpakkaukset","slug":"pakasteet-1/jaatelot/jaatelopakkaukset","__typename":"HierarchyPathItem"},{"id":"Herkku_00000130","name":"Jäätelöt","slug":"pakasteet-1/jaatelot","__typename":"HierarchyPathItem"},{"id":"Herkku_00000013","name":"Pakasteet","slug":"pakasteet-1","__typename":"HierarchyPathItem"}],"isGlobalFallback":null,"countryName":{"fi":"Puola","__typename":"CountryName"}},{"id":"6414893173682","ean":"6414893173682","name":"Kotimaista Mutakakku 400 g","price":3.45,"storeId":725782447,"__typename":"Product","approxPrice":false,"basicQuantityUnit":"KPL","comparisonPrice":8.63,"comparisonUnit":"KGM","consumerPackageSize":null,"consumerPackageUnit":null,"priceUnit":"KPL","quantityMultiplier":1,"brandName":"Kotimaista","slug":"kotimaista-mutakakku-400-g","isAgeLimitedByAlcohol":false,"frozen":true,"packagingLabels":["Hyvää Suomesta (Sininen Joutsen)"," Rainforest alliance certified (Sammakko-merkki)"],"packagingLabelCodes":["GOODS_FROM_FINLAND_BLUE_SWAN"," RAINFOREST_ALLIANCE"],"hierarchyPath":[{"id":"1591691225974004","name":"Kakut, pullat ja leivokset","slug":"pakasteet-1/leivonnais-ja-leipapakasteet/kakut-pullat-ja-leivokset","__typename":"HierarchyPathItem"},{"id":"Herkku_00000125","name":"Leivonnais- ja leipäpakasteet","slug":"pakasteet-1/leivonnais-ja-leipapakasteet","__typename":"HierarchyPathItem"},{"id":"Herkku_00000013","name":"Pakasteet","slug":"pakasteet-1","__typename":"HierarchyPathItem"}],"isGlobalFallback":null,"countryName":{"fi":"Suomi","__typename":"CountryName"}},{"id":"6414893188006","ean":"6414893188006","name":"Rainbow 440g kananugetit 18-20kpl dippikastikkeilla, pakaste","price":3.79,"storeId":725782447,"__typename":"Product","approxPrice":false,"basicQuantityUnit":"KPL","comparisonPrice":8.61,"comparisonUnit":"KGM","consumerPackageSize":null,"consumerPackageUnit":null,"priceUnit":"KPL","quantityMultiplier":1,"brandName":"Rainbow","slug":"rainbow-440g-kananugetit-18-20kpl-dippikastikkeilla-pakaste","isAgeLimitedByAlcohol":false,"frozen":true,"packagingLabels":[],"packagingLabelCodes":[],"hierarchyPath":[{"id":"1591691225905845","name":"Valmiit pakasteateriat","slug":"pakasteet-1/pakasteateriat/valmiit-pakasteateriat","__typename":"HierarchyPathItem"},{"id":"Herkku_00000129","name":"Pakasteateriat","slug":"pakasteet-1/pakasteateriat","__typename":"HierarchyPathItem"},{"id":"Herkku_00000013","name":"Pakasteet","slug":"pakasteet-1","__typename":"HierarchyPathItem"}],"isGlobalFallback":null,"countryName":{"fi":"Ranska","__typename":"CountryName"}},{"id":"6414893188075","ean":"6414893188075","name":"Rainbow 415g toffeetuutit 6kpl","price":2.49,"storeId":725782447,"__typename":"Product","approxPrice":false,"basicQuantityUnit":"KPL","comparisonPrice":6,"comparisonUnit":"KGM","consumerPackageSize":null,"consumerPackageUnit":null,"priceUnit":"KPL","quantityMultiplier":1,"brandName":"Rainbow","slug":"rainbow-415g-toffeetuutit-6kpl","isAgeLimitedByAlcohol":false,"frozen":true,"packagingLabels":["Rainforest alliance certified (Sammakko-merkki)"],"packagingLabelCodes":["RAINFOREST_ALLIANCE"],"hierarchyPath":[{"id":"1591691225905930","name":"Jäätelöpakkaukset","slug":"pakasteet-1/jaatelot/jaatelopakkaukset","__typename":"HierarchyPathItem"},{"id":"Herkku_00000130","name":"Jäätelöt","slug":"pakasteet-1/jaatelot","__typename":"HierarchyPathItem"},{"id":"Herkku_00000013","name":"Pakasteet","slug":"pakasteet-1","__typename":"HierarchyPathItem"}],"isGlobalFallback":null,"countryName":{"fi":"Puola","__typename":"CountryName"}},{"id":"6414893197282","ean":"6414893197282","name":"Rainbow Croissants 330g raakapakaste","price":3.19,"storeId":725782447,"__typename":"Product","approxPrice":false,"basicQuantityUnit":"KPL","comparisonPrice":9.67,"comparisonUnit":"KGM","consumerPackageSize":null,"consumerPackageUnit":null,"priceUnit":"KPL","quantityMultiplier":1,"brandName":"Rainbow","slug":"rainbow-croissants-330g-raakapakaste","isAgeLimitedByAlcohol":false,"frozen":true,"packagingLabels":[],"packagingLabelCodes":[],"hierarchyPath":[{"id":"1591691225974010","name":"Muut pikkusuolaiset","slug":"pakasteet-1/leivonnais-ja-leipapakasteet/muut-pikkusuolaiset","__typename":"HierarchyPathItem"},{"id":"Herkku_00000125","name":"Leivonnais- ja leipäpakasteet","slug":"pakasteet-1/leivonnais-ja-leipapakasteet","__typename":"HierarchyPathItem"},{"id":"Herkku_00000013","name":"Pakasteet","slug":"pakasteet-1","__typename":"HierarchyPathItem"}],"isGlobalFallback":null,"countryName":{"fi":"Ranska","__typename":"CountryName"}},{"id":"6414893321007","ean":"6414893321007","name":"Rainbow 400g margariini vähälaktoosinen 60%","price":1.59,"storeId":725782447,"__typename":"Product","approxPrice":false,"basicQuantityUnit":"KPL","comparisonPrice":3.98,"comparisonUnit":"KGM","consumerPackageSize":null,"consumerPackageUnit":null,"priceUnit":"KPL","quantityMultiplier":1,"brandName":"Rainbow","slug":"rainbow-400g-margariini-vahalaktoosinen-60","isAgeLimitedByAlcohol":false,"frozen":false,"packagingLabels":[],"packagingLabelCodes":[],"hierarchyPath":[{"id":"Herkku_00000299","name":"Margariinit","slug":"maito-munat-ja-rasvat-0/rasvat/margariinit","__typename":"HierarchyPathItem"},{"id":"Herkku_00000049","name":"Rasvat","slug":"maito-munat-ja-rasvat-0/rasvat","__typename":"HierarchyPathItem"},{"id":"Herkku_00000006","name":"Maito, munat ja rasvat","slug":"maito-munat-ja-rasvat-0","__typename":"HierarchyPathItem"}],"isGlobalFallback":null,"countryName":{"fi":"Suomi","__typename":"CountryName"}},{"id":"6414893321045","ean":"6414893321045","name":"Xtra 500g margariini 60%","price":2.19,"storeId":725782447,"__typename":"Product","approxPrice":false,"basicQuantityUnit":"KPL","comparisonPrice":4.38,"comparisonUnit":"KGM","consumerPackageSize":null,"consumerPackageUnit":null,"priceUnit":"KPL","quantityMultiplier":1,"brandName":"Xtra","slug":"xtra-500g-margariini-60","isAgeLimitedByAlcohol":false,"frozen":false,"packagingLabels":[],"packagingLabelCodes":[],"hierarchyPath":[{"id":"Herkku_00000299","name":"Margariinit","slug":"maito-munat-ja-rasvat-0/rasvat/margariinit","__typename":"HierarchyPathItem"},{"id":"Herkku_00000049","name":"Rasvat","slug":"maito-munat-ja-rasvat-0/rasvat","__typename":"HierarchyPathItem"},{"id":"Herkku_00000006","name":"Maito, munat ja rasvat","slug":"maito-munat-ja-rasvat-0","__typename":"HierarchyPathItem"}],"isGlobalFallback":null,"countryName":null},{"id":"6414893330016","ean":"6414893330016","name":"Rainbow  SIPULISILLI 580/275 G","price":2.99,"storeId":725782447,"__typename":"Product","approxPrice":false,"basicQuantityUnit":"KPL","comparisonPrice":9.49,"comparisonUnit":"KGM","consumerPackageSize":null,"consumerPackageUnit":null,"priceUnit":"KPL","quantityMultiplier":1,"brandName":"Rainbow","slug":"rainbow-sipulisilli-580275-g","isAgeLimitedByAlcohol":false,"frozen":false,"packagingLabels":[],"packagingLabelCodes":[],"hierarchyPath":[{"id":"StructureGroup_198285811029","name":"Sillit ja silakat","slug":"kala-ja-merenelavat-1/kala/sillit-ja-silakat","__typename":"HierarchyPathItem"},{"id":"StructureGroup_198285810979","name":"Kala","slug":"kala-ja-merenelavat-1/kala","__typename":"HierarchyPathItem"},{"id":"Herkku_00000004","name":"Kala ja merenelävät","slug":"kala-ja-merenelavat-1","__typename":"HierarchyPathItem"}],"isGlobalFallback":null,"countryName":null},{"id":"6414893358805","ean":"6414893358805","name":"Rainbow 150g mansikkarahka 4%","price":0.85,"storeId":725782447,"__typename":"Product","approxPrice":false,"basicQuantityUnit":"KPL","comparisonPrice":5.67,"comparisonUnit":"KGM","consumerPackageSize":null,"consumerPackageUnit":null,"priceUnit":"KPL","quantityMultiplier":1,"brandName":"Rainbow","slug":"rainbow-150g-mansikkarahka-4","isAgeLimitedByAlcohol":false,"frozen":false,"packagingLabels":[],"packagingLabelCodes":[],"hierarchyPath":[{"id":"1591691235703027","name":"Maustetut rahkat","slug":"maito-munat-ja-rasvat-0/rahkat-vanukkaat-ja-jalkiruoka/maustetut-rahkat","__typename":"HierarchyPathItem"},{"id":"Herkku_00000115","name":"Rahkat, vanukkaat ja jälkiruoka","slug":"maito-munat-ja-rasvat-0/rahkat-vanukkaat-ja-jalkiruoka","__typename":"HierarchyPathItem"},{"id":"Herkku_00000006","name":"Maito, munat ja rasvat","slug":"maito-munat-ja-rasvat-0","__typename":"HierarchyPathItem"}],"isGlobalFallback":null,"countryName":{"fi":"Viro","__typename":"CountryName"}},{"id":"6414893358812","ean":"6414893358812","name":"Rainbow 150g persikkarahka 4%","price":0.85,"storeId":725782447,"__typename":"Product","approxPrice":false,"basicQuantityUnit":"KPL","comparisonPrice":5.67,"comparisonUnit":"KGM","consumerPackageSize":null,"consumerPackageUnit":null,"priceUnit":"KPL","quantityMultiplier":1,"brandName":"Rainbow","slug":"rainbow-150g-persikkarahka-4","isAgeLimitedByAlcohol":false,"frozen":false,"packagingLabels":[],"packagingLabelCodes":[],"hierarchyPath":[{"id":"1591691235703027","name":"Maustetut rahkat","slug":"maito-munat-ja-rasvat-0/rahkat-vanukkaat-ja-jalkiruoka/maustetut-rahkat","__typename":"HierarchyPathItem"},{"id":"Herkku_00000115","name":"Rahkat, vanukkaat ja jälkiruoka","slug":"maito-munat-ja-rasvat-0/rahkat-vanukkaat-ja-jalkiruoka","__typename":"HierarchyPathItem"},{"id":"Herkku_00000006","name":"Maito, munat ja rasvat","slug":"maito-munat-ja-rasvat-0","__typename":"HierarchyPathItem"}],"isGlobalFallback":null,"countryName":{"fi":"Viro","__typename":"CountryName"}},{"id":"6414893358836","ean":"6414893358836","name":"Kotimaista 2 dl vähälaktoosinen 15% UHT ruokakerma","price":0.69,"storeId":725782447,"__typename":"Product","approxPrice":false,"basicQuantityUnit":"KPL","comparisonPrice":3.45,"comparisonUnit":"LTR","consumerPackageSize":null,"consumerPackageUnit":null,"priceUnit":"KPL","quantityMultiplier":1,"brandName":"Kotimaista","slug":"kotimaista-2-dl-vahalaktoosinen-15-uht-ruokakerma","isAgeLimitedByAlcohol":false,"frozen":false,"packagingLabels":["Hyvää Suomesta (Sininen Joutsen)"],"packagingLabelCodes":["GOODS_FROM_FINLAND_BLUE_SWAN"],"hierarchyPath":[{"id":"1591691235643737","name":"Ruokakermat","slug":"maito-munat-ja-rasvat-0/kermat/ruokakermat","__typename":"HierarchyPathItem"},{"id":"1591691235643733","name":"Kermat","slug":"maito-munat-ja-rasvat-0/kermat","__typename":"HierarchyPathItem"},{"id":"Herkku_00000006","name":"Maito, munat ja rasvat","slug":"maito-munat-ja-rasvat-0","__typename":"HierarchyPathItem"}],"isGlobalFallback":null,"countryName":{"fi":"Suomi","__typename":"CountryName"}},{"id":"6414893381018","ean":"6414893381018","name":"Rainbow 1 kg kermajuusto","price":7.49,"storeId":725782447,"__typename":"Product","approxPrice":false,"basicQuantityUnit":"KPL","comparisonPrice":7.49,"comparisonUnit":"KGM","consumerPackageSize":null,"consumerPackageUnit":null,"priceUnit":"KPL","quantityMultiplier":1,"brandName":"Rainbow","slug":"rainbow-1-kg-kermajuusto","isAgeLimitedByAlcohol":false,"frozen":false,"packagingLabels":[],"packagingLabelCodes":[],"hierarchyPath":[{"id":"1591691244827921","name":"Kermajuustot","slug":"juustot-0/pala-ja-viipalejuustot/kermajuustot","__typename":"HierarchyPathItem"},{"id":"1591691244827914","name":"Pala- ja viipalejuustot","slug":"juustot-0/pala-ja-viipalejuustot","__typename":"HierarchyPathItem"},{"id":"Herkku_00000003","name":"Juustot","slug":"juustot-0","__typename":"HierarchyPathItem"}],"isGlobalFallback":null,"countryName":{"fi":"Tanska","__typename":"CountryName"}},{"id":"6414893381087","ean":"6414893381087","name":"Rainbow 1kg 17% kevyt kermajuusto","price":7.85,"storeId":725782447,"__typename":"Product","approxPrice":false,"basicQuantityUnit":"KPL","comparisonPrice":7.85,"comparisonUnit":"KGM","consumerPackageSize":null,"consumerPackageUnit":null,"priceUnit":"KPL","quantityMultiplier":1,"brandName":"Rainbow","slug":"rainbow-1kg-17-kevyt-kermajuusto","isAgeLimitedByAlcohol":false,"frozen":false,"packagingLabels":[],"packagingLabelCodes":[],"hierarchyPath":[{"id":"1591691244827921","name":"Kermajuustot","slug":"juustot-0/pala-ja-viipalejuustot/kermajuustot","__typename":"HierarchyPathItem"},{"id":"1591691244827914","name":"Pala- ja viipalejuustot","slug":"juustot-0/pala-ja-viipalejuustot","__typename":"HierarchyPathItem"},{"id":"Herkku_00000003","name":"Juustot","slug":"juustot-0","__typename":"HierarchyPathItem"}],"isGlobalFallback":null,"countryName":{"fi":"Tanska","__typename":"CountryName"}},{"id":"6414893385009","ean":"6414893385009","name":"Rainbow 380/175 g salaattijuustokuutiot","price":2.65,"storeId":725782447,"__typename":"Product","approxPrice":false,"basicQuantityUnit":"KPL","comparisonPrice":15.14,"comparisonUnit":"KGM","consumerPackageSize":null,"consumerPackageUnit":null,"priceUnit":"KPL","quantityMultiplier":1,"brandName":"Rainbow","slug":"rainbow-380175-g-salaattijuustokuutiot","isAgeLimitedByAlcohol":false,"frozen":false,"packagingLabels":[],"packagingLabelCodes":[],"hierarchyPath":[{"id":"1591691244827925","name":"Feta- ja salaattijuustot","slug":"juustot-0/ruoka-ja-herkuttelujuustot/feta-ja-salaattijuustot","__typename":"HierarchyPathItem"},{"id":"1591691244827915","name":"Ruoka- ja herkuttelujuustot","slug":"juustot-0/ruoka-ja-herkuttelujuustot","__typename":"HierarchyPathItem"},{"id":"Herkku_00000003","name":"Juustot","slug":"juustot-0","__typename":"HierarchyPathItem"}],"isGlobalFallback":null,"countryName":{"fi":"Tanska","__typename":"CountryName"}},{"id":"6414893385214","ean":"6414893385214","name":"Rainbow salaattijuustokuutiot kevyt 5% 150g","price":2.15,"storeId":725782447,"__typename":"Product","approxPrice":false,"basicQuantityUnit":"KPL","comparisonPrice":14.33,"comparisonUnit":"KGM","consumerPackageSize":null,"consumerPackageUnit":null,"priceUnit":"KPL","quantityMultiplier":1,"brandName":"Rainbow","slug":"rainbow-salaattijuustokuutiot-kevyt-5-150g","isAgeLimitedByAlcohol":false,"frozen":false,"packagingLabels":[],"packagingLabelCodes":[],"hierarchyPath":[{"id":"1591691244827925","name":"Feta- ja salaattijuustot","slug":"juustot-0/ruoka-ja-herkuttelujuustot/feta-ja-salaattijuustot","__typename":"HierarchyPathItem"},{"id":"1591691244827915","name":"Ruoka- ja herkuttelujuustot","slug":"juustot-0/ruoka-ja-herkuttelujuustot","__typename":"HierarchyPathItem"},{"id":"Herkku_00000003","name":"Juustot","slug":"juustot-0","__typename":"HierarchyPathItem"}],"isGlobalFallback":null,"countryName":{"fi":"Tanska","__typename":"CountryName"}},{"id":"6414893385221","ean":"6414893385221","name":"Kotimaista iskukuumennettu vähälaktoosinen kevytmaito 1L","price":1.79,"storeId":725782447,"__typename":"Product","approxPrice":false,"basicQuantityUnit":"KPL","comparisonPrice":1.79,"comparisonUnit":"LTR","consumerPackageSize":null,"consumerPackageUnit":null,"priceUnit":"KPL","quantityMultiplier":1,"brandName":"Kotimaista","slug":"kotimaista-iskukuumennettu-vahalaktoosinen-kevytmaito-1l","isAgeLimitedByAlcohol":false,"frozen":false,"packagingLabels":["FSC mix (Forest Stewardship Council)"," Hyvää Suomesta (Sininen Joutsen)"],"packagingLabelCodes":["FOREST_STEWARDSHIP_COUNCIL_MIX"," GOODS_FROM_FINLAND_BLUE_SWAN"],"hierarchyPath":[{"id":"1591691235495236","name":"Laktoosittomat ja vähälaktoosiset maidot","slug":"maito-munat-ja-rasvat-0/maidot-ja-piimat/laktoosittomat-ja-vahalaktoosiset-maidot","__typename":"HierarchyPathItem"},{"id":"Herkku_00000122","name":"Maidot ja piimät","slug":"maito-munat-ja-rasvat-0/maidot-ja-piimat","__typename":"HierarchyPathItem"},{"id":"Herkku_00000006","name":"Maito, munat ja rasvat","slug":"maito-munat-ja-rasvat-0","__typename":"HierarchyPathItem"}],"isGlobalFallback":null,"countryName":{"fi":"Suomi","__typename":"CountryName"}},{"id":"6414893385245","ean":"6414893385245","name":"Kotimaista iskukuumennettu vähälaktoosinen rasvaton maito 1L","price":1.75,"storeId":725782447,"__typename":"Product","approxPrice":false,"basicQuantityUnit":"KPL","comparisonPrice":1.75,"comparisonUnit":"LTR","consumerPackageSize":null,"consumerPackageUnit":null,"priceUnit":"KPL","quantityMultiplier":1,"brandName":"Kotimaista","slug":"kotimaista-iskukuumennettu-vahalaktoosinen-rasvaton-maito-1l","isAgeLimitedByAlcohol":false,"frozen":false,"packagingLabels":["Hyvää Suomesta (Sininen Joutsen)"," Sydänmerkki"],"packagingLabelCodes":["FINNISH_HEART_SYMBOL"," GOODS_FROM_FINLAND_BLUE_SWAN"],"hierarchyPath":[{"id":"1591691235495236","name":"Laktoosittomat ja vähälaktoosiset maidot","slug":"maito-munat-ja-rasvat-0/maidot-ja-piimat/laktoosittomat-ja-vahalaktoosiset-maidot","__typename":"HierarchyPathItem"},{"id":"Herkku_00000122","name":"Maidot ja piimät","slug":"maito-munat-ja-rasvat-0/maidot-ja-piimat","__typename":"HierarchyPathItem"},{"id":"Herkku_00000006","name":"Maito, munat ja rasvat","slug":"maito-munat-ja-rasvat-0","__typename":"HierarchyPathItem"}],"isGlobalFallback":null,"countryName":{"fi":"Suomi","__typename":"CountryName"}},{"id":"6414893385313","ean":"6414893385313","name":"Rainbow Cheddar sulatejuustoviipaleet 200g","price":2.59,"storeId":725782447,"__typename":"Product","approxPrice":false,"basicQuantityUnit":"KPL","comparisonPrice":12.95,"comparisonUnit":"KGM","consumerPackageSize":null,"consumerPackageUnit":null,"priceUnit":"KPL","quantityMultiplier":1,"brandName":"Rainbow","slug":"rainbow-cheddar-sulatejuustoviipaleet-200g","isAgeLimitedByAlcohol":false,"frozen":false,"packagingLabels":[],"packagingLabelCodes":[],"hierarchyPath":[{"id":"1591691244827923","name":"Muut juustot","slug":"juustot-0/pala-ja-viipalejuustot/muut-juustot","__typename":"HierarchyPathItem"},{"id":"1591691244827914","name":"Pala- ja viipalejuustot","slug":"juustot-0/pala-ja-viipalejuustot","__typename":"HierarchyPathItem"},{"id":"Herkku_00000003","name":"Juustot","slug":"juustot-0","__typename":"HierarchyPathItem"}],"isGlobalFallback":null,"countryName":{"fi":"Itävalta","__typename":"CountryName"}},{"id":"6414893385351","ean":"6414893385351","name":"Kotimaista smetana 35% 120g laktoositon","price":1.45,"storeId":725782447,"__typename":"Product","approxPrice":false,"basicQuantityUnit":"KPL","comparisonPrice":12.08,"comparisonUnit":"KGM","consumerPackageSize":null,"consumerPackageUnit":null,"priceUnit":"KPL","quantityMultiplier":1,"brandName":"Kotimaista","slug":"kotimaista-smetana-35-120g-laktoositon","isAgeLimitedByAlcohol":false,"frozen":false,"packagingLabels":["Hyvää Suomesta (Sininen Joutsen)"],"packagingLabelCodes":["GOODS_FROM_FINLAND_BLUE_SWAN"],"hierarchyPath":[{"id":"1591691235643742","name":"Smetanat","slug":"maito-munat-ja-rasvat-0/kermat/smetanat","__typename":"HierarchyPathItem"},{"id":"1591691235643733","name":"Kermat","slug":"maito-munat-ja-rasvat-0/kermat","__typename":"HierarchyPathItem"},{"id":"Herkku_00000006","name":"Maito, munat ja rasvat","slug":"maito-munat-ja-rasvat-0","__typename":"HierarchyPathItem"}],"isGlobalFallback":null,"countryName":{"fi":"Suomi","__typename":"CountryName"}},{"id":"6414893385436","ean":"6414893385436","name":"Kotimaista Creme fraiche 18 % 150g vähälaktoosinen","price":1.15,"storeId":725782447,"__typename":"Product","approxPrice":false,"basicQuantityUnit":"KPL","comparisonPrice":7.67,"comparisonUnit":"KGM","consumerPackageSize":null,"consumerPackageUnit":null,"priceUnit":"KPL","quantityMultiplier":1,"brandName":"Kotimaista","slug":"kotimaista-creme-fraiche-18-150g-vahalaktoosinen","isAgeLimitedByAlcohol":false,"frozen":false,"packagingLabels":["Hyvää Suomesta (Sininen Joutsen)"],"packagingLabelCodes":["GOODS_FROM_FINLAND_BLUE_SWAN"],"hierarchyPath":[{"id":"1591691235643741","name":"Ranskankermat","slug":"maito-munat-ja-rasvat-0/kermat/ranskankermat","__typename":"HierarchyPathItem"},{"id":"1591691235643733","name":"Kermat","slug":"maito-munat-ja-rasvat-0/kermat","__typename":"HierarchyPathItem"},{"id":"Herkku_00000006","name":"Maito, munat ja rasvat","slug":"maito-munat-ja-rasvat-0","__typename":"HierarchyPathItem"}],"isGlobalFallback":null,"countryName":{"fi":"Suomi","__typename":"CountryName"}},{"id":"6414893385450","ean":"6414893385450","name":"Kotimaista iskukuumennettu vähälaktoosinen täysmaito 1L","price":1.95,"storeId":725782447,"__typename":"Product","approxPrice":false,"basicQuantityUnit":"KPL","comparisonPrice":1.95,"comparisonUnit":"LTR","consumerPackageSize":null,"consumerPackageUnit":null,"priceUnit":"KPL","quantityMultiplier":1,"brandName":"Kotimaista","slug":"kotimaista-iskukuumennettu-vahalaktoosinen-taysmaito-1l","isAgeLimitedByAlcohol":false,"frozen":false,"packagingLabels":["FSC mix (Forest Stewardship Council)"," Hyvää Suomesta (Sininen Joutsen)"],"packagingLabelCodes":["FOREST_STEWARDSHIP_COUNCIL_MIX"," GOODS_FROM_FINLAND_BLUE_SWAN"],"hierarchyPath":[{"id":"1591691235495235","name":"Maidot","slug":"maito-munat-ja-rasvat-0/maidot-ja-piimat/maidot","__typename":"HierarchyPathItem"},{"id":"Herkku_00000122","name":"Maidot ja piimät","slug":"maito-munat-ja-rasvat-0/maidot-ja-piimat","__typename":"HierarchyPathItem"},{"id":"Herkku_00000006","name":"Maito, munat ja rasvat","slug":"maito-munat-ja-rasvat-0","__typename":"HierarchyPathItem"}],"isGlobalFallback":null,"countryName":{"fi":"Suomi","__typename":"CountryName"}},{"id":"6414893385498","ean":"6414893385498","name":"Kotimaista 2 dl laktoositon 15% UHT ruokakerma","price":0.69,"storeId":725782447,"__typename":"Product","approxPrice":false,"basicQuantityUnit":"KPL","comparisonPrice":3.45,"comparisonUnit":"LTR","consumerPackageSize":null,"consumerPackageUnit":null,"priceUnit":"KPL","quantityMultiplier":1,"brandName":"Kotimaista","slug":"kotimaista-2-dl-laktoositon-15-uht-ruokakerma","isAgeLimitedByAlcohol":false,"frozen":false,"packagingLabels":["Hyvää Suomesta (Sininen Joutsen)"],"packagingLabelCodes":["GOODS_FROM_FINLAND_BLUE_SWAN"],"hierarchyPath":[{"id":"1591691235643737","name":"Ruokakermat","slug":"maito-munat-ja-rasvat-0/kermat/ruokakermat","__typename":"HierarchyPathItem"},{"id":"1591691235643733","name":"Kermat","slug":"maito-munat-ja-rasvat-0/kermat","__typename":"HierarchyPathItem"},{"id":"Herkku_00000006","name":"Maito, munat ja rasvat","slug":"maito-munat-ja-rasvat-0","__typename":"HierarchyPathItem"}],"isGlobalFallback":null,"countryName":{"fi":"Suomi","__typename":"CountryName"}},{"id":"6414893385535","ean":"6414893385535","name":"Rainbow 175g Mozzarellajuustoraaste","price":1.99,"storeId":725782447,"__typename":"Product","approxPrice":false,"basicQuantityUnit":"KPL","comparisonPrice":11.37,"comparisonUnit":"KGM","consumerPackageSize":null,"consumerPackageUnit":null,"priceUnit":"KPL","quantityMultiplier":1,"brandName":"Rainbow","slug":"rainbow-175g-mozzarellajuustoraaste","isAgeLimitedByAlcohol":false,"frozen":false,"packagingLabels":[],"packagingLabelCodes":[],"hierarchyPath":[{"id":"1591691244827924","name":"Juustoraasteet","slug":"juustot-0/ruoka-ja-herkuttelujuustot/juustoraasteet","__typename":"HierarchyPathItem"},{"id":"1591691244827915","name":"Ruoka- ja herkuttelujuustot","slug":"juustot-0/ruoka-ja-herkuttelujuustot","__typename":"HierarchyPathItem"},{"id":"Herkku_00000003","name":"Juustot","slug":"juustot-0","__typename":"HierarchyPathItem"}],"isGlobalFallback":null,"countryName":{"fi":"Alankomaat","__typename":"CountryName"}},{"id":"6414893385559","ean":"6414893385559","name":"Rainbow pizzajuustoraaste 175g","price":2.59,"storeId":725782447,"__typename":"Product","approxPrice":false,"basicQuantityUnit":"KPL","comparisonPrice":14.8,"comparisonUnit":"KGM","consumerPackageSize":null,"consumerPackageUnit":null,"priceUnit":"KPL","quantityMultiplier":1,"brandName":"Rainbow","slug":"rainbow-pizzajuustoraaste-175g","isAgeLimitedByAlcohol":false,"frozen":false,"packagingLabels":[],"packagingLabelCodes":[],"hierarchyPath":[{"id":"1591691244827924","name":"Juustoraasteet","slug":"juustot-0/ruoka-ja-herkuttelujuustot/juustoraasteet","__typename":"HierarchyPathItem"},{"id":"1591691244827915","name":"Ruoka- ja herkuttelujuustot","slug":"juustot-0/ruoka-ja-herkuttelujuustot","__typename":"HierarchyPathItem"},{"id":"Herkku_00000003","name":"Juustot","slug":"juustot-0","__typename":"HierarchyPathItem"}],"isGlobalFallback":null,"countryName":{"fi":"Alankomaat","__typename":"CountryName"}},{"id":"6414893385573","ean":"6414893385573","name":"Rainbow 175g Emmentaljuustoraaste","price":1.89,"storeId":725782447,"__typename":"Product","approxPrice":false,"basicQuantityUnit":"KPL","comparisonPrice":10.8,"comparisonUnit":"KGM","consumerPackageSize":null,"consumerPackageUnit":null,"priceUnit":"KPL","quantityMultiplier":1,"brandName":"Rainbow","slug":"rainbow-175g-emmentaljuustoraaste","isAgeLimitedByAlcohol":false,"frozen":false,"packagingLabels":[],"packagingLabelCodes":[],"hierarchyPath":[{"id":"1591691244827924","name":"Juustoraasteet","slug":"juustot-0/ruoka-ja-herkuttelujuustot/juustoraasteet","__typename":"HierarchyPathItem"},{"id":"1591691244827915","name":"Ruoka- ja herkuttelujuustot","slug":"juustot-0/ruoka-ja-herkuttelujuustot","__typename":"HierarchyPathItem"},{"id":"Herkku_00000003","name":"Juustot","slug":"juustot-0","__typename":"HierarchyPathItem"}],"isGlobalFallback":null,"countryName":{"fi":"Saksa","__typename":"CountryName"}},{"id":"6414893385597","ean":"6414893385597","name":"Rainbow halloumi 200g","price":2.95,"storeId":725782447,"__typename":"Product","approxPrice":false,"basicQuantityUnit":"KPL","comparisonPrice":14.75,"comparisonUnit":"KGM","consumerPackageSize":null,"consumerPackageUnit":null,"priceUnit":"KPL","quantityMultiplier":1,"brandName":"Rainbow","slug":"rainbow-halloumi-200g","isAgeLimitedByAlcohol":false,"frozen":false,"packagingLabels":[],"packagingLabelCodes":[],"hierarchyPath":[{"id":"1591691244827937","name":"Muut erikoisjuustot","slug":"juustot-0/ruoka-ja-herkuttelujuustot/muut-erikoisjuustot","__typename":"HierarchyPathItem"},{"id":"1591691244827915","name":"Ruoka- ja herkuttelujuustot","slug":"juustot-0/ruoka-ja-herkuttelujuustot","__typename":"HierarchyPathItem"},{"id":"Herkku_00000003","name":"Juustot","slug":"juustot-0","__typename":"HierarchyPathItem"}],"isGlobalFallback":null,"countryName":{"fi":"Kypros","__typename":"CountryName"}},{"id":"6414893385610","ean":"6414893385610","name":"Rainbow sulatejuusto vähälaktoosinen 400g","price":4.45,"storeId":725782447,"__typename":"Product","approxPrice":false,"basicQuantityUnit":"KPL","comparisonPrice":11.13,"comparisonUnit":"KGM","consumerPackageSize":null,"consumerPackageUnit":null,"priceUnit":"KPL","quantityMultiplier":1,"brandName":"Rainbow","slug":"rainbow-sulatejuusto-vahalaktoosinen-400g","isAgeLimitedByAlcohol":false,"frozen":false,"packagingLabels":[],"packagingLabelCodes":[],"hierarchyPath":[{"id":"1591691244878258","name":"Levitettävät juustot","slug":"juustot-0/ruoka-ja-herkuttelujuustot/levitettavat-juustot","__typename":"HierarchyPathItem"},{"id":"1591691244827915","name":"Ruoka- ja herkuttelujuustot","slug":"juustot-0/ruoka-ja-herkuttelujuustot","__typename":"HierarchyPathItem"},{"id":"Herkku_00000003","name":"Juustot","slug":"juustot-0","__typename":"HierarchyPathItem"}],"isGlobalFallback":null,"countryName":{"fi":"Suomi","__typename":"CountryName"}},{"id":"6414893385634","ean":"6414893385634","name":"Rainbow 200g fetajuusto","price":2.75,"storeId":725782447,"__typename":"Product","approxPrice":false,"basicQuantityUnit":"KPL","comparisonPrice":13.75,"comparisonUnit":"KGM","consumerPackageSize":null,"consumerPackageUnit":null,"priceUnit":"KPL","quantityMultiplier":1,"brandName":"Rainbow","slug":"rainbow-200g-fetajuusto","isAgeLimitedByAlcohol":false,"frozen":false,"packagingLabels":[],"packagingLabelCodes":[],"hierarchyPath":[{"id":"1591691244827925","name":"Feta- ja salaattijuustot","slug":"juustot-0/ruoka-ja-herkuttelujuustot/feta-ja-salaattijuustot","__typename":"HierarchyPathItem"},{"id":"1591691244827915","name":"Ruoka- ja herkuttelujuustot","slug":"juustot-0/ruoka-ja-herkuttelujuustot","__typename":"HierarchyPathItem"},{"id":"Herkku_00000003","name":"Juustot","slug":"juustot-0","__typename":"HierarchyPathItem"}],"isGlobalFallback":null,"countryName":{"fi":"Kreikka","__typename":"CountryName"}},{"id":"6414893385658","ean":"6414893385658","name":"Kotimaista 1l laktoositon rasvaton maitojuoma","price":1.49,"storeId":725782447,"__typename":"Product","approxPrice":false,"basicQuantityUnit":"KPL","comparisonPrice":1.49,"comparisonUnit":"LTR","consumerPackageSize":null,"consumerPackageUnit":null,"priceUnit":"KPL","quantityMultiplier":1,"brandName":"Kotimaista","slug":"kotimaista-1l-laktoositon-rasvaton-maitojuoma","isAgeLimitedByAlcohol":false,"frozen":false,"packagingLabels":["Hyvää Suomesta (Sininen Joutsen)"," Sydänmerkki"],"packagingLabelCodes":["FINNISH_HEART_SYMBOL"," GOODS_FROM_FINLAND_BLUE_SWAN"],"hierarchyPath":[{"id":"1591691235495236","name":"Laktoosittomat ja vähälaktoosiset maidot","slug":"maito-munat-ja-rasvat-0/maidot-ja-piimat/laktoosittomat-ja-vahalaktoosiset-maidot","__typename":"HierarchyPathItem"},{"id":"Herkku_00000122","name":"Maidot ja piimät","slug":"maito-munat-ja-rasvat-0/maidot-ja-piimat","__typename":"HierarchyPathItem"},{"id":"Herkku_00000006","name":"Maito, munat ja rasvat","slug":"maito-munat-ja-rasvat-0","__typename":"HierarchyPathItem"}],"isGlobalFallback":null,"countryName":{"fi":"Suomi","__typename":"CountryName"}},{"id":"6414893385672","ean":"6414893385672","name":"Kotimaista laktoositon kevytmaitojuoma 1 L","price":1.59,"storeId":725782447,"__typename":"Product","approxPrice":false,"basicQuantityUnit":"KPL","comparisonPrice":1.59,"comparisonUnit":"LTR","consumerPackageSize":null,"consumerPackageUnit":null,"priceUnit":"KPL","quantityMultiplier":1,"brandName":"Kotimaista","slug":"kotimaista-laktoositon-kevytmaitojuoma-1-l","isAgeLimitedByAlcohol":false,"frozen":false,"packagingLabels":["Hyvää Suomesta (Sininen Joutsen)"],"packagingLabelCodes":["GOODS_FROM_FINLAND_BLUE_SWAN"],"hierarchyPath":[{"id":"1591691235495236","name":"Laktoosittomat ja vähälaktoosiset maidot","slug":"maito-munat-ja-rasvat-0/maidot-ja-piimat/laktoosittomat-ja-vahalaktoosiset-maidot","__typename":"HierarchyPathItem"},{"id":"Herkku_00000122","name":"Maidot ja piimät","slug":"maito-munat-ja-rasvat-0/maidot-ja-piimat","__typename":"HierarchyPathItem"},{"id":"Herkku_00000006","name":"Maito, munat ja rasvat","slug":"maito-munat-ja-rasvat-0","__typename":"HierarchyPathItem"}],"isGlobalFallback":null,"countryName":{"fi":"Suomi","__typename":"CountryName"}},{"id":"6414893385719","ean":"6414893385719","name":"Rainbow Sinihomejuustomuru 150g","price":2.75,"storeId":725782447,"__typename":"Product","approxPrice":false,"basicQuantityUnit":"KPL","comparisonPrice":18.33,"comparisonUnit":"KGM","consumerPackageSize":null,"consumerPackageUnit":null,"priceUnit":"KPL","quantityMultiplier":1,"brandName":"Rainbow","slug":"rainbow-sinihomejuustomuru-150g","isAgeLimitedByAlcohol":false,"frozen":false,"packagingLabels":[],"packagingLabelCodes":[],"hierarchyPath":[{"id":"1591691244827924","name":"Juustoraasteet","slug":"juustot-0/ruoka-ja-herkuttelujuustot/juustoraasteet","__typename":"HierarchyPathItem"},{"id":"1591691244827915","name":"Ruoka- ja herkuttelujuustot","slug":"juustot-0/ruoka-ja-herkuttelujuustot","__typename":"HierarchyPathItem"},{"id":"Herkku_00000003","name":"Juustot","slug":"juustot-0","__typename":"HierarchyPathItem"}],"isGlobalFallback":null,"countryName":{"fi":"Saksa","__typename":"CountryName"}},{"id":"6414893385818","ean":"6414893385818","name":"Rainbow 400 g 2% raejuusto","price":2.45,"storeId":725782447,"__typename":"Product","approxPrice":false,"basicQuantityUnit":"KPL","comparisonPrice":6.13,"comparisonUnit":"KGM","consumerPackageSize":null,"consumerPackageUnit":null,"priceUnit":"KPL","quantityMultiplier":1,"brandName":"Rainbow","slug":"rainbow-400-g-2-raejuusto","isAgeLimitedByAlcohol":false,"frozen":false,"packagingLabels":["Sydänmerkki"],"packagingLabelCodes":["FINNISH_HEART_SYMBOL"],"hierarchyPath":[{"id":"1591691244827927","name":"Raejuustot","slug":"juustot-0/ruoka-ja-herkuttelujuustot/raejuustot","__typename":"HierarchyPathItem"},{"id":"1591691244827915","name":"Ruoka- ja herkuttelujuustot","slug":"juustot-0/ruoka-ja-herkuttelujuustot","__typename":"HierarchyPathItem"},{"id":"Herkku_00000003","name":"Juustot","slug":"juustot-0","__typename":"HierarchyPathItem"}],"isGlobalFallback":null,"countryName":{"fi":"Ruotsi","__typename":"CountryName"}},{"id":"6414893385832","ean":"6414893385832","name":"Rainbow 400 g 0,2%  vähälaktoosinen raejuusto","price":2.45,"storeId":725782447,"__typename":"Product","approxPrice":false,"basicQuantityUnit":"KPL","comparisonPrice":6.13,"comparisonUnit":"KGM","consumerPackageSize":null,"consumerPackageUnit":null,"priceUnit":"KPL","quantityMultiplier":1,"brandName":"Rainbow","slug":"rainbow-400-g-0-2-vahalaktoosinen-raejuusto","isAgeLimitedByAlcohol":false,"frozen":false,"packagingLabels":["Sydänmerkki"],"packagingLabelCodes":["FINNISH_HEART_SYMBOL"],"hierarchyPath":[{"id":"1591691244827927","name":"Raejuustot","slug":"juustot-0/ruoka-ja-herkuttelujuustot/raejuustot","__typename":"HierarchyPathItem"},{"id":"1591691244827915","name":"Ruoka- ja herkuttelujuustot","slug":"juustot-0/ruoka-ja-herkuttelujuustot","__typename":"HierarchyPathItem"},{"id":"Herkku_00000003","name":"Juustot","slug":"juustot-0","__typename":"HierarchyPathItem"}],"isGlobalFallback":null,"countryName":{"fi":"Ruotsi","__typename":"CountryName"}},{"id":"6414893385856","ean":"6414893385856","name":"Kotimaista 200g raejuusto laktoositon 2%","price":1.85,"storeId":725782447,"__typename":"Product","approxPrice":false,"basicQuantityUnit":"KPL","comparisonPrice":9.25,"comparisonUnit":"KGM","consumerPackageSize":null,"consumerPackageUnit":null,"priceUnit":"KPL","quantityMultiplier":1,"brandName":"Kotimaista","slug":"kotimaista-200g-raejuusto-laktoositon-2","isAgeLimitedByAlcohol":false,"frozen":false,"packagingLabels":["Hyvää Suomesta (Sininen Joutsen)"," Sydänmerkki"],"packagingLabelCodes":["FINNISH_HEART_SYMBOL"," GOODS_FROM_FINLAND_BLUE_SWAN"],"hierarchyPath":[{"id":"1591691244827927","name":"Raejuustot","slug":"juustot-0/ruoka-ja-herkuttelujuustot/raejuustot","__typename":"HierarchyPathItem"},{"id":"1591691244827915","name":"Ruoka- ja herkuttelujuustot","slug":"juustot-0/ruoka-ja-herkuttelujuustot","__typename":"HierarchyPathItem"},{"id":"Herkku_00000003","name":"Juustot","slug":"juustot-0","__typename":"HierarchyPathItem"}],"isGlobalFallback":null,"countryName":{"fi":"Suomi","__typename":"CountryName"}},{"id":"6414893385917","ean":"6414893385917","name":"Rainbow 150g kylmäsavustettu kirjolohifilee viipaloitu","price":5.49,"storeId":725782447,"__typename":"Product","approxPrice":false,"basicQuantityUnit":"KPL","comparisonPrice":36.6,"comparisonUnit":"KGM","consumerPackageSize":null,"consumerPackageUnit":null,"priceUnit":"KPL","quantityMultiplier":1,"brandName":"Rainbow","slug":"rainbow-150g-kylmasavustettu-kirjolohifilee-viipaloitu","isAgeLimitedByAlcohol":false,"frozen":false,"packagingLabels":[],"packagingLabelCodes":[],"hierarchyPath":[{"id":"Herkku_00000279","name":"Kylmäsavustettu kala","slug":"kala-ja-merenelavat-1/kala/kylmasavustettu-kala","__typename":"HierarchyPathItem"},{"id":"StructureGroup_198285810979","name":"Kala","slug":"kala-ja-merenelavat-1/kala","__typename":"HierarchyPathItem"},{"id":"Herkku_00000004","name":"Kala ja merenelävät","slug":"kala-ja-merenelavat-1","__typename":"HierarchyPathItem"}],"isGlobalFallback":null,"countryName":{"fi":"Viro","__typename":"CountryName"}},{"id":"6414893385924","ean":"6414893385924","name":"Rainbow 150g graavisuolattu kirjolohifilee viipaloitu","price":5.49,"storeId":725782447,"__typename":"Product","approxPrice":false,"basicQuantityUnit":"KPL","comparisonPrice":36.6,"comparisonUnit":"KGM","consumerPackageSize":null,"consumerPackageUnit":null,"priceUnit":"KPL","quantityMultiplier":1,"brandName":"Rainbow","slug":"rainbow-150g-graavisuolattu-kirjolohifilee-viipaloitu","isAgeLimitedByAlcohol":false,"frozen":false,"packagingLabels":[],"packagingLabelCodes":[],"hierarchyPath":[{"id":"StructureGroup_198285811025","name":"Graavattu kala","slug":"kala-ja-merenelavat-1/kala/graavattu-kala","__typename":"HierarchyPathItem"},{"id":"StructureGroup_198285810979","name":"Kala","slug":"kala-ja-merenelavat-1/kala","__typename":"HierarchyPathItem"},{"id":"Herkku_00000004","name":"Kala ja merenelävät","slug":"kala-ja-merenelavat-1","__typename":"HierarchyPathItem"}],"isGlobalFallback":null,"countryName":{"fi":"Viro","__typename":"CountryName"}},{"id":"6414893386044","ean":"6414893386044","name":"Kotimaista 335g leipäjuusto vähälaktoosinen","price":4.19,"storeId":725782447,"__typename":"Product","approxPrice":false,"basicQuantityUnit":"KPL","comparisonPrice":12.51,"comparisonUnit":"KGM","consumerPackageSize":null,"consumerPackageUnit":null,"priceUnit":"KPL","quantityMultiplier":1,"brandName":"Kotimaista","slug":"kotimaista-335g-leipajuusto-vahalaktoosinen","isAgeLimitedByAlcohol":false,"frozen":false,"packagingLabels":["Hyvää Suomesta (Sininen Joutsen)"],"packagingLabelCodes":["GOODS_FROM_FINLAND_BLUE_SWAN"],"hierarchyPath":[{"id":"1591691244827937","name":"Muut erikoisjuustot","slug":"juustot-0/ruoka-ja-herkuttelujuustot/muut-erikoisjuustot","__typename":"HierarchyPathItem"},{"id":"1591691244827915","name":"Ruoka- ja herkuttelujuustot","slug":"juustot-0/ruoka-ja-herkuttelujuustot","__typename":"HierarchyPathItem"},{"id":"Herkku_00000003","name":"Juustot","slug":"juustot-0","__typename":"HierarchyPathItem"}],"isGlobalFallback":null,"countryName":{"fi":"Suomi","__typename":"CountryName"}},{"id":"6414893386082","ean":"6414893386082","name":"Kotimaista 2dl laktoositon ESL 35% kuohukerma","price":1.15,"storeId":725782447,"__typename":"Product","approxPrice":false,"basicQuantityUnit":"KPL","comparisonPrice":5.75,"comparisonUnit":"LTR","consumerPackageSize":null,"consumerPackageUnit":null,"priceUnit":"KPL","quantityMultiplier":1,"brandName":"Kotimaista","slug":"kotimaista-2dl-laktoositon-esl-35-kuohukerma","isAgeLimitedByAlcohol":false,"frozen":false,"packagingLabels":["Hyvää Suomesta (Sininen Joutsen)"],"packagingLabelCodes":["GOODS_FROM_FINLAND_BLUE_SWAN"],"hierarchyPath":[{"id":"1591691235643738","name":"Kuohukermat","slug":"maito-munat-ja-rasvat-0/kermat/kuohukermat","__typename":"HierarchyPathItem"},{"id":"1591691235643733","name":"Kermat","slug":"maito-munat-ja-rasvat-0/kermat","__typename":"HierarchyPathItem"},{"id":"Herkku_00000006","name":"Maito, munat ja rasvat","slug":"maito-munat-ja-rasvat-0","__typename":"HierarchyPathItem"}],"isGlobalFallback":null,"countryName":{"fi":"Suomi","__typename":"CountryName"}},{"id":"6414893386181","ean":"6414893386181","name":"Kotimaista 12% vähälaktoosinen kermaviili 200g","price":0.69,"storeId":725782447,"__typename":"Product","approxPrice":false,"basicQuantityUnit":"KPL","comparisonPrice":3.45,"comparisonUnit":"KGM","consumerPackageSize":null,"consumerPackageUnit":null,"priceUnit":"KPL","quantityMultiplier":1,"brandName":"Kotimaista","slug":"kotimaista-12-vahalaktoosinen-kermaviili-200g","isAgeLimitedByAlcohol":false,"frozen":false,"packagingLabels":["Hyvää Suomesta (Sininen Joutsen)"],"packagingLabelCodes":["GOODS_FROM_FINLAND_BLUE_SWAN"],"hierarchyPath":[{"id":"1591691235643752","name":"Kermaviilit","slug":"maito-munat-ja-rasvat-0/kermat/kermaviilit","__typename":"HierarchyPathItem"},{"id":"1591691235643733","name":"Kermat","slug":"maito-munat-ja-rasvat-0/kermat","__typename":"HierarchyPathItem"},{"id":"Herkku_00000006","name":"Maito, munat ja rasvat","slug":"maito-munat-ja-rasvat-0","__typename":"HierarchyPathItem"}],"isGlobalFallback":null,"countryName":{"fi":"Suomi","__typename":"CountryName"}},{"id":"6414893386204","ean":"6414893386204","name":"Kotimaista rasvaton piimä 1l","price":1.19,"storeId":725782447,"__typename":"Product","approxPrice":false,"basicQuantityUnit":"KPL","comparisonPrice":1.19,"comparisonUnit":"LTR","consumerPackageSize":null,"consumerPackageUnit":null,"priceUnit":"KPL","quantityMultiplier":1,"brandName":"Kotimaista","slug":"kotimaista-rasvaton-piima-1l","isAgeLimitedByAlcohol":false,"frozen":false,"packagingLabels":["Hyvää Suomesta (Sininen Joutsen)"," Sydänmerkki"],"packagingLabelCodes":["FINNISH_HEART_SYMBOL"," GOODS_FROM_FINLAND_BLUE_SWAN"],"hierarchyPath":[{"id":"Herkku_00000682","name":"Piimät","slug":"maito-munat-ja-rasvat-0/maidot-ja-piimat/piimat","__typename":"HierarchyPathItem"},{"id":"Herkku_00000122","name":"Maidot ja piimät","slug":"maito-munat-ja-rasvat-0/maidot-ja-piimat","__typename":"HierarchyPathItem"},{"id":"Herkku_00000006","name":"Maito, munat ja rasvat","slug":"maito-munat-ja-rasvat-0","__typename":"HierarchyPathItem"}],"isGlobalFallback":null,"countryName":{"fi":"Suomi","__typename":"CountryName"}},{"id":"6414893386235","ean":"6414893386235","name":"Kotimaista vähälaktoosinen AB-piimä 1l","price":1.49,"storeId":725782447,"__typename":"Product","approxPrice":false,"basicQuantityUnit":"KPL","comparisonPrice":1.49,"comparisonUnit":"LTR","consumerPackageSize":null,"consumerPackageUnit":null,"priceUnit":"KPL","quantityMultiplier":1,"brandName":"Kotimaista","slug":"kotimaista-vahalaktoosinen-ab-piima-1l","isAgeLimitedByAlcohol":false,"frozen":false,"packagingLabels":["Hyvää Suomesta (Sininen Joutsen)"],"packagingLabelCodes":["GOODS_FROM_FINLAND_BLUE_SWAN"],"hierarchyPath":[{"id":"Herkku_00000682","name":"Piimät","slug":"maito-munat-ja-rasvat-0/maidot-ja-piimat/piimat","__typename":"HierarchyPathItem"},{"id":"Herkku_00000122","name":"Maidot ja piimät","slug":"maito-munat-ja-rasvat-0/maidot-ja-piimat","__typename":"HierarchyPathItem"},{"id":"Herkku_00000006","name":"Maito, munat ja rasvat","slug":"maito-munat-ja-rasvat-0","__typename":"HierarchyPathItem"}],"isGlobalFallback":null,"countryName":{"fi":"Suomi","__typename":"CountryName"}},{"id":"6414893386600","ean":"6414893386600","name":"Kotimaista maustamaton AB-jogurtti 150 g laktoositon","price":0.82,"storeId":725782447,"__typename":"Product","approxPrice":false,"basicQuantityUnit":"KPL","comparisonPrice":5.47,"comparisonUnit":"KGM","consumerPackageSize":null,"consumerPackageUnit":null,"priceUnit":"KPL","quantityMultiplier":1,"brandName":"Kotimaista","slug":"kotimaista-maustamaton-ab-jogurtti-150-g-laktoositon","isAgeLimitedByAlcohol":false,"frozen":false,"packagingLabels":["Hyvää Suomesta (Sininen Joutsen)"],"packagingLabelCodes":["GOODS_FROM_FINLAND_BLUE_SWAN"],"hierarchyPath":[{"id":"1591691235643804","name":"Maustamattomat jogurtit","slug":"maito-munat-ja-rasvat-0/jogurtit/maustamattomat-jogurtit","__typename":"HierarchyPathItem"},{"id":"Herkku_00000118","name":"Jogurtit","slug":"maito-munat-ja-rasvat-0/jogurtit","__typename":"HierarchyPathItem"},{"id":"Herkku_00000006","name":"Maito, munat ja rasvat","slug":"maito-munat-ja-rasvat-0","__typename":"HierarchyPathItem"}],"isGlobalFallback":null,"countryName":{"fi":"Suomi","__typename":"CountryName"}},{"id":"6414893386648","ean":"6414893386648","name":"Kotimaista 250ml pippurikerma 15% laktoositon","price":1.69,"storeId":725782447,"__typename":"Product","approxPrice":false,"basicQuantityUnit":"KPL","comparisonPrice":6.76,"comparisonUnit":"LTR","consumerPackageSize":null,"consumerPackageUnit":null,"priceUnit":"KPL","quantityMultiplier":1,"brandName":"Kotimaista","slug":"kotimaista-250ml-pippurikerma-15-laktoositon","isAgeLimitedByAlcohol":false,"frozen":false,"packagingLabels":["Hyvää Suomesta (Sininen Joutsen)"],"packagingLabelCodes":["GOODS_FROM_FINLAND_BLUE_SWAN"],"hierarchyPath":[{"id":"1591691235643737","name":"Ruokakermat","slug":"maito-munat-ja-rasvat-0/kermat/ruokakermat","__typename":"HierarchyPathItem"},{"id":"1591691235643733","name":"Kermat","slug":"maito-munat-ja-rasvat-0/kermat","__typename":"HierarchyPathItem"},{"id":"Herkku_00000006","name":"Maito, munat ja rasvat","slug":"maito-munat-ja-rasvat-0","__typename":"HierarchyPathItem"}],"isGlobalFallback":null,"countryName":{"fi":"Suomi","__typename":"CountryName"}},{"id":"6414893386662","ean":"6414893386662","name":"Rainbow Mascarpone 250g","price":2.65,"storeId":725782447,"__typename":"Product","approxPrice":false,"basicQuantityUnit":"KPL","comparisonPrice":10.6,"comparisonUnit":"KGM","consumerPackageSize":null,"consumerPackageUnit":null,"priceUnit":"KPL","quantityMultiplier":1,"brandName":"Rainbow","slug":"rainbow-mascarpone-250g","isAgeLimitedByAlcohol":false,"frozen":false,"packagingLabels":[],"packagingLabelCodes":[],"hierarchyPath":[{"id":"1591691244878258","name":"Levitettävät juustot","slug":"juustot-0/ruoka-ja-herkuttelujuustot/levitettavat-juustot","__typename":"HierarchyPathItem"},{"id":"1591691244827915","name":"Ruoka- ja herkuttelujuustot","slug":"juustot-0/ruoka-ja-herkuttelujuustot","__typename":"HierarchyPathItem"},{"id":"Herkku_00000003","name":"Juustot","slug":"juustot-0","__typename":"HierarchyPathItem"}],"isGlobalFallback":null,"countryName":{"fi":"Italia","__typename":"CountryName"}},{"id":"6414893386969","ean":"6414893386969","name":"Kotimaista 250g rasvaton laktoositon maitorahka","price":1.09,"storeId":725782447,"__typename":"Product","approxPrice":false,"basicQuantityUnit":"KPL","comparisonPrice":4.36,"comparisonUnit":"KGM","consumerPackageSize":null,"consumerPackageUnit":null,"priceUnit":"KPL","quantityMultiplier":1,"brandName":"Kotimaista","slug":"kotimaista-250g-rasvaton-laktoositon-maitorahka","isAgeLimitedByAlcohol":false,"frozen":false,"packagingLabels":["Hyvää Suomesta (Sininen Joutsen)"," Sydänmerkki"],"packagingLabelCodes":["FINNISH_HEART_SYMBOL"," GOODS_FROM_FINLAND_BLUE_SWAN"],"hierarchyPath":[{"id":"1591691235703025","name":"Maustamattomat rahkat","slug":"maito-munat-ja-rasvat-0/rahkat-vanukkaat-ja-jalkiruoka/maustamattomat-rahkat","__typename":"HierarchyPathItem"},{"id":"Herkku_00000115","name":"Rahkat, vanukkaat ja jälkiruoka","slug":"maito-munat-ja-rasvat-0/rahkat-vanukkaat-ja-jalkiruoka","__typename":"HierarchyPathItem"},{"id":"Herkku_00000006","name":"Maito, munat ja rasvat","slug":"maito-munat-ja-rasvat-0","__typename":"HierarchyPathItem"}],"isGlobalFallback":null,"countryName":{"fi":"Suomi","__typename":"CountryName"}},{"id":"6414893386983","ean":"6414893386983","name":"Kotimaista laktoositon vaahtoutuva vaniljakastike 250ml","price":1.59,"storeId":725782447,"__typename":"Product","approxPrice":false,"basicQuantityUnit":"KPL","comparisonPrice":6.36,"comparisonUnit":"LTR","consumerPackageSize":null,"consumerPackageUnit":null,"priceUnit":"KPL","quantityMultiplier":1,"brandName":"Kotimaista","slug":"kotimaista-laktoositon-vaahtoutuva-vaniljakastike-250ml","isAgeLimitedByAlcohol":false,"frozen":false,"packagingLabels":["FSC mix (Forest Stewardship Council)"," Hyvää Suomesta (Sininen Joutsen)"],"packagingLabelCodes":["FOREST_STEWARDSHIP_COUNCIL_MIX"," GOODS_FROM_FINLAND_BLUE_SWAN"],"hierarchyPath":[{"id":"Herkku_00000704","name":"Jälkiruokakastikkeet","slug":"maito-munat-ja-rasvat-0/ruoanvalmistustuotteet/jalkiruokakastikkeet","__typename":"HierarchyPathItem"},{"id":"Herkku_00000124","name":"Ruoanvalmistustuotteet","slug":"maito-munat-ja-rasvat-0/ruoanvalmistustuotteet","__typename":"HierarchyPathItem"},{"id":"Herkku_00000006","name":"Maito, munat ja rasvat","slug":"maito-munat-ja-rasvat-0","__typename":"HierarchyPathItem"}],"isGlobalFallback":null,"countryName":{"fi":"Suomi","__typename":"CountryName"}},{"id":"6414893387324","ean":"6414893387324","name":"Kotimaista 400 g murotaikina pakaste, laktoositon, maidoton","price":2.15,"storeId":725782447,"__typename":"Product","approxPrice":false,"basicQuantityUnit":"KPL","comparisonPrice":5.37,"comparisonUnit":"KGM","consumerPackageSize":null,"consumerPackageUnit":null,"priceUnit":"KPL","quantityMultiplier":1,"brandName":"Kotimaista","slug":"kotimaista-400-g-murotaikina-pakaste-laktoositon-maidoton","isAgeLimitedByAlcohol":false,"frozen":true,"packagingLabels":["Hyvää Suomesta (Sininen Joutsen)"],"packagingLabelCodes":["GOODS_FROM_FINLAND_BLUE_SWAN"],"hierarchyPath":[{"id":"1591691225974003","name":"Taikinat","slug":"pakasteet-1/leivonnais-ja-leipapakasteet/taikinat","__typename":"HierarchyPathItem"},{"id":"Herkku_00000125","name":"Leivonnais- ja leipäpakasteet","slug":"pakasteet-1/leivonnais-ja-leipapakasteet","__typename":"HierarchyPathItem"},{"id":"Herkku_00000013","name":"Pakasteet","slug":"pakasteet-1","__typename":"HierarchyPathItem"}],"isGlobalFallback":null,"countryName":{"fi":"Suomi","__typename":"CountryName"}},{"id":"6414893387348","ean":"6414893387348","name":"Kotimaista 400 g piirakkataikina pakaste laktoositon, maidoton","price":2.15,"storeId":725782447,"__typename":"Product","approxPrice":false,"basicQuantityUnit":"KPL","comparisonPrice":5.37,"comparisonUnit":"KGM","consumerPackageSize":null,"consumerPackageUnit":null,"priceUnit":"KPL","quantityMultiplier":1,"brandName":"Kotimaista","slug":"kotimaista-400-g-piirakkataikina-pakaste-laktoositon-maidoton","isAgeLimitedByAlcohol":false,"frozen":true,"packagingLabels":["Hyvää Suomesta (Sininen Joutsen)"],"packagingLabelCodes":["GOODS_FROM_FINLAND_BLUE_SWAN"],"hierarchyPath":[{"id":"1591691225974003","name":"Taikinat","slug":"pakasteet-1/leivonnais-ja-leipapakasteet/taikinat","__typename":"HierarchyPathItem"},{"id":"Herkku_00000125","name":"Leivonnais- ja leipäpakasteet","slug":"pakasteet-1/leivonnais-ja-leipapakasteet","__typename":"HierarchyPathItem"},{"id":"Herkku_00000013","name":"Pakasteet","slug":"pakasteet-1","__typename":"HierarchyPathItem"}],"isGlobalFallback":null,"countryName":{"fi":"Suomi","__typename":"CountryName"}},{"id":"6414893387362","ean":"6414893387362","name":"Kotimaista 500 g torttutaikinalevyt, pakaste","price":1.99,"storeId":725782447,"__typename":"Product","approxPrice":false,"basicQuantityUnit":"KPL","comparisonPrice":3.98,"comparisonUnit":"KGM","consumerPackageSize":null,"consumerPackageUnit":null,"priceUnit":"KPL","quantityMultiplier":1,"brandName":"Kotimaista","slug":"kotimaista-500-g-torttutaikinalevyt-pakaste","isAgeLimitedByAlcohol":false,"frozen":true,"packagingLabels":["Hyvää Suomesta (Sininen Joutsen)"],"packagingLabelCodes":["GOODS_FROM_FINLAND_BLUE_SWAN"],"hierarchyPath":[{"id":"1591691225974003","name":"Taikinat","slug":"pakasteet-1/leivonnais-ja-leipapakasteet/taikinat","__typename":"HierarchyPathItem"},{"id":"Herkku_00000125","name":"Leivonnais- ja leipäpakasteet","slug":"pakasteet-1/leivonnais-ja-leipapakasteet","__typename":"HierarchyPathItem"},{"id":"Herkku_00000013","name":"Pakasteet","slug":"pakasteet-1","__typename":"HierarchyPathItem"}],"isGlobalFallback":null,"countryName":{"fi":"Suomi","__typename":"CountryName"}},{"id":"6414893387577","ean":"6414893387577","name":"Kotimaista Kermajuusto e500 g","price":3.99,"storeId":725782447,"__typename":"Product","approxPrice":false,"basicQuantityUnit":"KPL","comparisonPrice":7.98,"comparisonUnit":"KGM","consumerPackageSize":null,"consumerPackageUnit":null,"priceUnit":"KPL","quantityMultiplier":1,"brandName":"Kotimaista","slug":"kotimaista-kermajuusto-e500-g","isAgeLimitedByAlcohol":false,"frozen":false,"packagingLabels":["Hyvää Suomesta (Sininen Joutsen)"],"packagingLabelCodes":["GOODS_FROM_FINLAND_BLUE_SWAN"],"hierarchyPath":[{"id":"1591691244827921","name":"Kermajuustot","slug":"juustot-0/pala-ja-viipalejuustot/kermajuustot","__typename":"HierarchyPathItem"},{"id":"1591691244827914","name":"Pala- ja viipalejuustot","slug":"juustot-0/pala-ja-viipalejuustot","__typename":"HierarchyPathItem"},{"id":"Herkku_00000003","name":"Juustot","slug":"juustot-0","__typename":"HierarchyPathItem"}],"isGlobalFallback":null,"countryName":{"fi":"Suomi","__typename":"CountryName"}},{"id":"6414893388024","ean":"6414893388024","name":"Kotimaista 250g kirsikkatomaatti rasia","price":3.98,"storeId":725782447,"__typename":"Product","approxPrice":false,"basicQuantityUnit":"KPL","comparisonPrice":15.92,"comparisonUnit":"KGM","consumerPackageSize":null,"consumerPackageUnit":null,"priceUnit":"KPL","quantityMultiplier":1,"brandName":"Kotimaista","slug":"kotimaista-250g-kirsikkatomaatti-rasia","isAgeLimitedByAlcohol":false,"frozen":false,"packagingLabels":["Sirkkalehtilippu"],"packagingLabelCodes":["PUHTAASTI_KOTIMAINEN"],"hierarchyPath":[{"id":"Herkku_00000203","name":"Tomaatit","slug":"hedelmat-ja-vihannekset-1/vihannekset/tomaatit","__typename":"HierarchyPathItem"},{"id":"Herkku_00000023","name":"Vihannekset","slug":"hedelmat-ja-vihannekset-1/vihannekset","__typename":"HierarchyPathItem"},{"id":"Herkku_00000001","name":"Hedelmät ja vihannekset","slug":"hedelmat-ja-vihannekset-1","__typename":"HierarchyPathItem"}],"isGlobalFallback":null,"countryName":{"fi":"Suomi","__typename":"CountryName"}},{"id":"6414893388215","ean":"6414893388215","name":"Kotimaista suomalainen tilli ruukussa 30 g","price":1.35,"storeId":725782447,"__typename":"Product","approxPrice":false,"basicQuantityUnit":"KPL","comparisonPrice":45,"comparisonUnit":"KGM","consumerPackageSize":null,"consumerPackageUnit":null,"priceUnit":"KPL","quantityMultiplier":1,"brandName":"Kotimaista","slug":"kotimaista-suomalainen-tilli-ruukussa-30-g","isAgeLimitedByAlcohol":false,"frozen":false,"packagingLabels":[],"packagingLabelCodes":[],"hierarchyPath":[{"id":"Herkku_00000024","name":"Yrtit","slug":"hedelmat-ja-vihannekset-1/yrtit","__typename":"HierarchyPathItem"},{"id":"Herkku_00000001","name":"Hedelmät ja vihannekset","slug":"hedelmat-ja-vihannekset-1","__typename":"HierarchyPathItem"}],"isGlobalFallback":null,"countryName":{"fi":"Suomi","__typename":"CountryName"}},{"id":"6414893388222","ean":"6414893388222","name":"Kotimaista suomalainen persilja ruukussa","price":1.35,"storeId":725782447,"__typename":"Product","approxPrice":false,"basicQuantityUnit":"KPL","comparisonPrice":1.35,"comparisonUnit":"PCE","consumerPackageSize":null,"consumerPackageUnit":null,"priceUnit":"KPL","quantityMultiplier":1,"brandName":"Kotimaista","slug":"kotimaista-suomalainen-persilja-ruukussa","isAgeLimitedByAlcohol":false,"frozen":false,"packagingLabels":["Sirkkalehtilippu"],"packagingLabelCodes":["PUHTAASTI_KOTIMAINEN"],"hierarchyPath":[{"id":"Herkku_00000024","name":"Yrtit","slug":"hedelmat-ja-vihannekset-1/yrtit","__typename":"HierarchyPathItem"},{"id":"Herkku_00000001","name":"Hedelmät ja vihannekset","slug":"hedelmat-ja-vihannekset-1","__typename":"HierarchyPathItem"}],"isGlobalFallback":null,"countryName":{"fi":"Suomi","__typename":"CountryName"}},{"id":"6414893388239","ean":"6414893388239","name":"Kotimaista suomalainen ruohosipuli ruukussa","price":1.35,"storeId":725782447,"__typename":"Product","approxPrice":false,"basicQuantityUnit":"KPL","comparisonPrice":13.5,"comparisonUnit":"KGM","consumerPackageSize":null,"consumerPackageUnit":null,"priceUnit":"KPL","quantityMultiplier":1,"brandName":"Kotimaista","slug":"kotimaista-suomalainen-ruohosipuli-ruukussa","isAgeLimitedByAlcohol":false,"frozen":false,"packagingLabels":[],"packagingLabelCodes":[],"hierarchyPath":[{"id":"Herkku_00000024","name":"Yrtit","slug":"hedelmat-ja-vihannekset-1/yrtit","__typename":"HierarchyPathItem"},{"id":"Herkku_00000001","name":"Hedelmät ja vihannekset","slug":"hedelmat-ja-vihannekset-1","__typename":"HierarchyPathItem"}],"isGlobalFallback":null,"countryName":{"fi":"Suomi","__typename":"CountryName"}},{"id":"6414893388246","ean":"6414893388246","name":"Kotimaista suomalainen basilika ruukussa","price":1.95,"storeId":725782447,"__typename":"Product","approxPrice":false,"basicQuantityUnit":"KPL","comparisonPrice":15,"comparisonUnit":"KGM","consumerPackageSize":null,"consumerPackageUnit":null,"priceUnit":"KPL","quantityMultiplier":1,"brandName":"Kotimaista","slug":"kotimaista-suomalainen-basilika-ruukussa","isAgeLimitedByAlcohol":false,"frozen":false,"packagingLabels":["Sirkkalehtilippu"],"packagingLabelCodes":["PUHTAASTI_KOTIMAINEN"],"hierarchyPath":[{"id":"Herkku_00000024","name":"Yrtit","slug":"hedelmat-ja-vihannekset-1/yrtit","__typename":"HierarchyPathItem"},{"id":"Herkku_00000001","name":"Hedelmät ja vihannekset","slug":"hedelmat-ja-vihannekset-1","__typename":"HierarchyPathItem"}],"isGlobalFallback":null,"countryName":{"fi":"Suomi","__typename":"CountryName"}},{"id":"6414893388253","ean":"6414893388253","name":"Kotimaista suomalainen korianteri ruukussa","price":1.95,"storeId":725782447,"__typename":"Product","approxPrice":false,"basicQuantityUnit":"KPL","comparisonPrice":15,"comparisonUnit":"KGM","consumerPackageSize":null,"consumerPackageUnit":null,"priceUnit":"KPL","quantityMultiplier":1,"brandName":"Kotimaista","slug":"kotimaista-suomalainen-korianteri-ruukussa","isAgeLimitedByAlcohol":false,"frozen":false,"packagingLabels":["Sirkkalehtilippu"],"packagingLabelCodes":["PUHTAASTI_KOTIMAINEN"],"hierarchyPath":[{"id":"Herkku_00000024","name":"Yrtit","slug":"hedelmat-ja-vihannekset-1/yrtit","__typename":"HierarchyPathItem"},{"id":"Herkku_00000001","name":"Hedelmät ja vihannekset","slug":"hedelmat-ja-vihannekset-1","__typename":"HierarchyPathItem"}],"isGlobalFallback":null,"countryName":{"fi":"Suomi","__typename":"CountryName"}},{"id":"6414893388741","ean":"6414893388741","name":"Kotimaista Valkosipulinen salaattikastike 400 g","price":2.15,"storeId":725782447,"__typename":"Product","approxPrice":false,"basicQuantityUnit":"KPL","comparisonPrice":5.37,"comparisonUnit":"KGM","consumerPackageSize":null,"consumerPackageUnit":null,"priceUnit":"KPL","quantityMultiplier":1,"brandName":"Kotimaista","slug":"kotimaista-valkosipulinen-salaattikastike-400-g","isAgeLimitedByAlcohol":false,"frozen":false,"packagingLabels":[],"packagingLabelCodes":[],"hierarchyPath":[{"id":"Herkku_00000076","name":"Salaatinkastikkeet","slug":"oljyt-mausteet-maustaminen-1/salaatinkastikkeet","__typename":"HierarchyPathItem"},{"id":"Herkku_00000011","name":"Öljyt, mausteet, maustaminen","slug":"oljyt-mausteet-maustaminen-1","__typename":"HierarchyPathItem"}],"isGlobalFallback":null,"countryName":{"fi":"Suomi","__typename":"CountryName"}},{"id":"6414893389267","ean":"6414893389267","name":"Rainbow 150g choco proteiinivanukas","price":1.12,"storeId":725782447,"__typename":"Product","approxPrice":false,"basicQuantityUnit":"KPL","comparisonPrice":7.47,"comparisonUnit":"KGM","consumerPackageSize":null,"consumerPackageUnit":null,"priceUnit":"KPL","quantityMultiplier":1,"brandName":"Rainbow","slug":"rainbow-150g-choco-proteiinivanukas","isAgeLimitedByAlcohol":false,"frozen":false,"packagingLabels":[],"packagingLabelCodes":[],"hierarchyPath":[{"id":"Herkku_00000625","name":"Vanukkaat","slug":"maito-munat-ja-rasvat-0/rahkat-vanukkaat-ja-jalkiruoka/vanukkaat","__typename":"HierarchyPathItem"},{"id":"Herkku_00000115","name":"Rahkat, vanukkaat ja jälkiruoka","slug":"maito-munat-ja-rasvat-0/rahkat-vanukkaat-ja-jalkiruoka","__typename":"HierarchyPathItem"},{"id":"Herkku_00000006","name":"Maito, munat ja rasvat","slug":"maito-munat-ja-rasvat-0","__typename":"HierarchyPathItem"}],"isGlobalFallback":null,"countryName":{"fi":"Viro","__typename":"CountryName"}},{"id":"6414893390607","ean":"6414893390607","name":"Reilun kaupan puuvillakassi","price":1.95,"storeId":725782447,"__typename":"Product","approxPrice":false,"basicQuantityUnit":"KPL","comparisonPrice":1.95,"comparisonUnit":"PCE","consumerPackageSize":null,"consumerPackageUnit":null,"priceUnit":"KPL","quantityMultiplier":1,"brandName":"Herkku","slug":"reilun-kaupan-puuvillakassi","isAgeLimitedByAlcohol":false,"frozen":false,"packagingLabels":[],"packagingLabelCodes":[],"hierarchyPath":[{"id":"1591691250222298","name":"Kassit","slug":"koti-ja-vapaa-aika/kassit/kassit","__typename":"HierarchyPathItem"},{"id":"Herkku_00000142","name":"Kassit","slug":"koti-ja-vapaa-aika/kassit","__typename":"HierarchyPathItem"},{"id":"Herkku_00000002","name":"Koti ja vapaa-aika","slug":"koti-ja-vapaa-aika","__typename":"HierarchyPathItem"}],"isGlobalFallback":null,"countryName":{"fi":"Intia","__typename":"CountryName"}},{"id":"6414893391109","ean":"6414893391109","name":"Kotimaista laktoositon maitopohjainen kasvirasvasekoite 4% 2dl","price":0.85,"storeId":725782447,"__typename":"Product","approxPrice":false,"basicQuantityUnit":"KPL","comparisonPrice":4.25,"comparisonUnit":"LTR","consumerPackageSize":null,"consumerPackageUnit":null,"priceUnit":"KPL","quantityMultiplier":1,"brandName":"Kotimaista","slug":"kotimaista-laktoositon-maitopohjainen-kasvirasvasekoite-4-2dl","isAgeLimitedByAlcohol":false,"frozen":false,"packagingLabels":["Hyvää Suomesta (Sininen Joutsen)"," Sydänmerkki"],"packagingLabelCodes":["FINNISH_HEART_SYMBOL"," GOODS_FROM_FINLAND_BLUE_SWAN"],"hierarchyPath":[{"id":"1591691235643737","name":"Ruokakermat","slug":"maito-munat-ja-rasvat-0/kermat/ruokakermat","__typename":"HierarchyPathItem"},{"id":"1591691235643733","name":"Kermat","slug":"maito-munat-ja-rasvat-0/kermat","__typename":"HierarchyPathItem"},{"id":"Herkku_00000006","name":"Maito, munat ja rasvat","slug":"maito-munat-ja-rasvat-0","__typename":"HierarchyPathItem"}],"isGlobalFallback":null,"countryName":{"fi":"Suomi","__typename":"CountryName"}},{"id":"6414893391307","ean":"6414893391307","name":"Kotimaista laktoositon kevytkerma 2 dl","price":0.75,"storeId":725782447,"__typename":"Product","approxPrice":false,"basicQuantityUnit":"KPL","comparisonPrice":3.75,"comparisonUnit":"LTR","consumerPackageSize":null,"consumerPackageUnit":null,"priceUnit":"KPL","quantityMultiplier":1,"brandName":"Kotimaista","slug":"kotimaista-laktoositon-kevytkerma-2-dl","isAgeLimitedByAlcohol":false,"frozen":false,"packagingLabels":["Hyvää Suomesta (Sininen Joutsen)"],"packagingLabelCodes":["GOODS_FROM_FINLAND_BLUE_SWAN"],"hierarchyPath":[{"id":"1591691235643737","name":"Ruokakermat","slug":"maito-munat-ja-rasvat-0/kermat/ruokakermat","__typename":"HierarchyPathItem"},{"id":"1591691235643733","name":"Kermat","slug":"maito-munat-ja-rasvat-0/kermat","__typename":"HierarchyPathItem"},{"id":"Herkku_00000006","name":"Maito, munat ja rasvat","slug":"maito-munat-ja-rasvat-0","__typename":"HierarchyPathItem"}],"isGlobalFallback":null,"countryName":{"fi":"Suomi","__typename":"CountryName"}},{"id":"6414893393004","ean":"6414893393004","name":"Xtra 500 g maustamaton rasvaton rahka","price":1.79,"storeId":725782447,"__typename":"Product","approxPrice":false,"basicQuantityUnit":"KPL","comparisonPrice":3.58,"comparisonUnit":"KGM","consumerPackageSize":null,"consumerPackageUnit":null,"priceUnit":"KPL","quantityMultiplier":1,"brandName":"Xtra","slug":"xtra-500-g-maustamaton-rasvaton-rahka","isAgeLimitedByAlcohol":false,"frozen":false,"packagingLabels":[],"packagingLabelCodes":[],"hierarchyPath":[{"id":"1591691235703025","name":"Maustamattomat rahkat","slug":"maito-munat-ja-rasvat-0/rahkat-vanukkaat-ja-jalkiruoka/maustamattomat-rahkat","__typename":"HierarchyPathItem"},{"id":"Herkku_00000115","name":"Rahkat, vanukkaat ja jälkiruoka","slug":"maito-munat-ja-rasvat-0/rahkat-vanukkaat-ja-jalkiruoka","__typename":"HierarchyPathItem"},{"id":"Herkku_00000006","name":"Maito, munat ja rasvat","slug":"maito-munat-ja-rasvat-0","__typename":"HierarchyPathItem"}],"isGlobalFallback":null,"countryName":{"fi":"Saksa","__typename":"CountryName"}},{"id":"6414893394209","ean":"6414893394209","name":"Rainbow jogurtti turkkilainen 10% rasvaa 500g","price":1.79,"storeId":725782447,"__typename":"Product","approxPrice":false,"basicQuantityUnit":"KPL","comparisonPrice":3.58,"comparisonUnit":"KGM","consumerPackageSize":null,"consumerPackageUnit":null,"priceUnit":"KPL","quantityMultiplier":1,"brandName":"Rainbow","slug":"rainbow-jogurtti-turkkilainen-10-rasvaa-500g","isAgeLimitedByAlcohol":false,"frozen":false,"packagingLabels":[],"packagingLabelCodes":[],"hierarchyPath":[{"id":"Herkku_00000711","name":"Ruoanvalmistusjogurtit","slug":"maito-munat-ja-rasvat-0/ruoanvalmistustuotteet/ruoanvalmistusjogurtit","__typename":"HierarchyPathItem"},{"id":"Herkku_00000124","name":"Ruoanvalmistustuotteet","slug":"maito-munat-ja-rasvat-0/ruoanvalmistustuotteet","__typename":"HierarchyPathItem"},{"id":"Herkku_00000006","name":"Maito, munat ja rasvat","slug":"maito-munat-ja-rasvat-0","__typename":"HierarchyPathItem"}],"isGlobalFallback":null,"countryName":{"fi":"Saksa","__typename":"CountryName"}},{"id":"6414893397019","ean":"6414893397019","name":"Rainbow kaurajuoma 1L","price":1.65,"storeId":725782447,"__typename":"Product","approxPrice":false,"basicQuantityUnit":"KPL","comparisonPrice":1.65,"comparisonUnit":"LTR","consumerPackageSize":null,"consumerPackageUnit":null,"priceUnit":"KPL","quantityMultiplier":1,"brandName":"Rainbow","slug":"rainbow-kaurajuoma-1l","isAgeLimitedByAlcohol":false,"frozen":false,"packagingLabels":["Sydänmerkki"],"packagingLabelCodes":["FINNISH_HEART_SYMBOL"],"hierarchyPath":[{"id":"Herkku_00000683","name":"Kaurajuomat","slug":"maito-munat-ja-rasvat-0/kasvipohjaiset-maitojuomat/kaurajuomat","__typename":"HierarchyPathItem"},{"id":"Herkku_00000123","name":"Kasvipohjaiset maitojuomat","slug":"maito-munat-ja-rasvat-0/kasvipohjaiset-maitojuomat","__typename":"HierarchyPathItem"},{"id":"Herkku_00000006","name":"Maito, munat ja rasvat","slug":"maito-munat-ja-rasvat-0","__typename":"HierarchyPathItem"}],"isGlobalFallback":null,"countryName":{"fi":"Saksa","__typename":"CountryName"}},{"id":"6414893500044","ean":"6414893500044","name":"Kotimaista Naudan jauheliha 400 g","price":5.59,"storeId":725782447,"__typename":"Product","approxPrice":false,"basicQuantityUnit":"KPL","comparisonPrice":13.98,"comparisonUnit":"KGM","consumerPackageSize":null,"consumerPackageUnit":null,"priceUnit":"KPL","quantityMultiplier":1,"brandName":"Kotimaista","slug":"kotimaista-naudan-jauheliha-400-g","isAgeLimitedByAlcohol":false,"frozen":false,"packagingLabels":["Hyvää Suomesta (Sininen Joutsen)"],"packagingLabelCodes":["GOODS_FROM_FINLAND_BLUE_SWAN"],"hierarchyPath":[{"id":"Herkku_00000579","name":"Naudan jauheliha","slug":"liha-ja-kasviproteiinit-1/jauheliha/naudan-jauheliha","__typename":"HierarchyPathItem"},{"id":"Herkku_00000109","name":"Jauheliha","slug":"liha-ja-kasviproteiinit-1/jauheliha","__typename":"HierarchyPathItem"},{"id":"Herkku_00000014","name":"Liha ja kasviproteiinit","slug":"liha-ja-kasviproteiinit-1","__typename":"HierarchyPathItem"}],"isGlobalFallback":null,"countryName":{"fi":"Suomi","__typename":"CountryName"}},{"id":"6414893500075","ean":"6414893500075","name":"Kotimaista Sika-nauta jauheliha 400g","price":3.45,"storeId":725782447,"__typename":"Product","approxPrice":false,"basicQuantityUnit":"KPL","comparisonPrice":8.63,"comparisonUnit":"KGM","consumerPackageSize":null,"consumerPackageUnit":null,"priceUnit":"KPL","quantityMultiplier":1,"brandName":"Kotimaista","slug":"kotimaista-sika-nauta-jauheliha-400g","isAgeLimitedByAlcohol":false,"frozen":false,"packagingLabels":["Hyvää Suomesta (Sininen Joutsen)"],"packagingLabelCodes":["GOODS_FROM_FINLAND_BLUE_SWAN"],"hierarchyPath":[{"id":"Herkku_00000580","name":"Muut jauhelihat","slug":"liha-ja-kasviproteiinit-1/jauheliha/muut-jauhelihat","__typename":"HierarchyPathItem"},{"id":"Herkku_00000109","name":"Jauheliha","slug":"liha-ja-kasviproteiinit-1/jauheliha","__typename":"HierarchyPathItem"},{"id":"Herkku_00000014","name":"Liha ja kasviproteiinit","slug":"liha-ja-kasviproteiinit-1","__typename":"HierarchyPathItem"}],"isGlobalFallback":null,"countryName":{"fi":"Suomi","__typename":"CountryName"}},{"id":"6414893500273","ean":"6414893500273","name":"Kotimaista Maustetut Kanan Koipipalat 600g","price":3.99,"storeId":725782447,"__typename":"Product","approxPrice":false,"basicQuantityUnit":"KPL","comparisonPrice":6.65,"comparisonUnit":"KGM","consumerPackageSize":null,"consumerPackageUnit":null,"priceUnit":"KPL","quantityMultiplier":1,"brandName":"Kotimaista","slug":"kotimaista-maustetut-kanan-koipipalat-600g","isAgeLimitedByAlcohol":false,"frozen":false,"packagingLabels":["Hyvää Suomesta (Sininen Joutsen)"],"packagingLabelCodes":["GOODS_FROM_FINLAND_BLUE_SWAN"],"hierarchyPath":[{"id":"1591691242477865","name":"Kanan siivet, koipi- ja reisipalat","slug":"liha-ja-kasviproteiinit-1/kana-broileri-ja-kalkkuna/kanan-siivet-koipi-ja-reisipalat","__typename":"HierarchyPathItem"},{"id":"1591691242477859","name":"Kana, broileri ja kalkkuna","slug":"liha-ja-kasviproteiinit-1/kana-broileri-ja-kalkkuna","__typename":"HierarchyPathItem"},{"id":"Herkku_00000014","name":"Liha ja kasviproteiinit","slug":"liha-ja-kasviproteiinit-1","__typename":"HierarchyPathItem"}],"isGlobalFallback":null,"countryName":{"fi":"Suomi","__typename":"CountryName"}},{"id":"6414893500549","ean":"6414893500549","name":"Kotimaista Kanan fileesuikale hunajamarinoitu 350 g","price":3.85,"storeId":725782447,"__typename":"Product","approxPrice":false,"basicQuantityUnit":"KPL","comparisonPrice":11,"comparisonUnit":"KGM","consumerPackageSize":null,"consumerPackageUnit":null,"priceUnit":"KPL","quantityMultiplier":1,"brandName":"Kotimaista","slug":"kotimaista-kanan-fileesuikale-hunajamarinoitu-350-g","isAgeLimitedByAlcohol":false,"frozen":false,"packagingLabels":["Hyvää Suomesta (Sininen Joutsen)"],"packagingLabelCodes":["GOODS_FROM_FINLAND_BLUE_SWAN"],"hierarchyPath":[{"id":"1591691242477864","name":"Kanan suikaleet ja kuutiot","slug":"liha-ja-kasviproteiinit-1/kana-broileri-ja-kalkkuna/kanan-suikaleet-ja-kuutiot","__typename":"HierarchyPathItem"},{"id":"1591691242477859","name":"Kana, broileri ja kalkkuna","slug":"liha-ja-kasviproteiinit-1/kana-broileri-ja-kalkkuna","__typename":"HierarchyPathItem"},{"id":"Herkku_00000014","name":"Liha ja kasviproteiinit","slug":"liha-ja-kasviproteiinit-1","__typename":"HierarchyPathItem"}],"isGlobalFallback":null,"countryName":{"fi":"Suomi","__typename":"CountryName"}},{"id":"6414893502253","ean":"6414893502253","name":"Rainbow 250g lihaisa kinkkumakkara","price":1.99,"storeId":725782447,"__typename":"Product","approxPrice":false,"basicQuantityUnit":"KPL","comparisonPrice":7.96,"comparisonUnit":"KGM","consumerPackageSize":null,"consumerPackageUnit":null,"priceUnit":"KPL","quantityMultiplier":1,"brandName":"Rainbow","slug":"rainbow-250g-lihaisa-kinkkumakkara","isAgeLimitedByAlcohol":false,"frozen":false,"packagingLabels":[],"packagingLabelCodes":[],"hierarchyPath":[{"id":"1591691245926571","name":"Vaaleat lihaleikkeet","slug":"liha-ja-kasviproteiinit-1/kinkut-ja-leikkeleet/vaaleat-lihaleikkeet","__typename":"HierarchyPathItem"},{"id":"Herkku_00000156","name":"Kinkut ja leikkeleet","slug":"liha-ja-kasviproteiinit-1/kinkut-ja-leikkeleet","__typename":"HierarchyPathItem"},{"id":"Herkku_00000014","name":"Liha ja kasviproteiinit","slug":"liha-ja-kasviproteiinit-1","__typename":"HierarchyPathItem"}],"isGlobalFallback":null,"countryName":{"fi":"Suomi","__typename":"CountryName"}},{"id":"6414893502345","ean":"6414893502345","name":"Rainbow Kananugetit 200g","price":1.99,"storeId":725782447,"__typename":"Product","approxPrice":false,"basicQuantityUnit":"KPL","comparisonPrice":9.95,"comparisonUnit":"KGM","consumerPackageSize":null,"consumerPackageUnit":null,"priceUnit":"KPL","quantityMultiplier":1,"brandName":"Rainbow","slug":"rainbow-kananugetit-200g","isAgeLimitedByAlcohol":false,"frozen":false,"packagingLabels":[],"packagingLabelCodes":[],"hierarchyPath":[{"id":"1591691237074407","name":"Pihvit","slug":"valmisruoka-1/pyorykat-pihvit-ja-ohukaiset/pihvit","__typename":"HierarchyPathItem"},{"id":"1591691237074393","name":"Pyörykät, pihvit ja ohukaiset","slug":"valmisruoka-1/pyorykat-pihvit-ja-ohukaiset","__typename":"HierarchyPathItem"},{"id":"StructureGroup_1356670909914497","name":"Valmisruoka","slug":"valmisruoka-1","__typename":"HierarchyPathItem"}],"isGlobalFallback":null,"countryName":{"fi":"Suomi","__typename":"CountryName"}},{"id":"6414893502680","ean":"6414893502680","name":"Rainbow hammasharja Classic soft","price":0.99,"storeId":725782447,"__typename":"Product","approxPrice":false,"basicQuantityUnit":"KPL","comparisonPrice":0.99,"comparisonUnit":"PCE","consumerPackageSize":null,"consumerPackageUnit":null,"priceUnit":"KPL","quantityMultiplier":1,"brandName":"Rainbow","slug":"rainbow-hammasharja-classic-soft","isAgeLimitedByAlcohol":false,"frozen":false,"packagingLabels":[],"packagingLabelCodes":[],"hierarchyPath":[{"id":"1591691233571226","name":"Hammasharjat","slug":"kosmetiikka-ja-hygienia/suunhoito/hammasharjat","__typename":"HierarchyPathItem"},{"id":"1591691233571225","name":"Suunhoito","slug":"kosmetiikka-ja-hygienia/suunhoito","__typename":"HierarchyPathItem"},{"id":"1591691233334707","name":"Kosmetiikka ja hygienia","slug":"kosmetiikka-ja-hygienia","__typename":"HierarchyPathItem"}],"isGlobalFallback":null,"countryName":{"fi":"Kiina","__typename":"CountryName"}},{"id":"6414893503236","ean":"6414893503236","name":"Kotimaista mustikkakeitto 1l","price":2.38,"storeId":725782447,"__typename":"Product","approxPrice":false,"basicQuantityUnit":"KPL","comparisonPrice":2.38,"comparisonUnit":"LTR","consumerPackageSize":null,"consumerPackageUnit":null,"priceUnit":"KPL","quantityMultiplier":1,"brandName":"Kotimaista","slug":"kotimaista-mustikkakeitto-1l","isAgeLimitedByAlcohol":false,"frozen":false,"packagingLabels":["FSC-sertifikaatti (Forest Stewardship Council)"," Hyvää Suomesta (Sininen Joutsen)"],"packagingLabelCodes":["FOREST_STEWARDSHIP_COUNCIL_LABEL"," GOODS_FROM_FINLAND_BLUE_SWAN"],"hierarchyPath":[{"id":"Herkku_00000675","name":"Marjakeitot","slug":"juomat-1/mehut/marjakeitot","__typename":"HierarchyPathItem"},{"id":"Herkku_00000120","name":"Mehut","slug":"juomat-1/mehut","__typename":"HierarchyPathItem"},{"id":"Herkku_00000005","name":"Juomat","slug":"juomat-1","__typename":"HierarchyPathItem"}],"isGlobalFallback":null,"countryName":{"fi":"Suomi","__typename":"CountryName"}},{"id":"6414893503267","ean":"6414893503267","name":"Kotimaista sokeroimaton mustikkakeitto 1l","price":2.38,"storeId":725782447,"__typename":"Product","approxPrice":false,"basicQuantityUnit":"KPL","comparisonPrice":2.38,"comparisonUnit":"LTR","consumerPackageSize":null,"consumerPackageUnit":null,"priceUnit":"KPL","quantityMultiplier":1,"brandName":"Kotimaista","slug":"kotimaista-sokeroimaton-mustikkakeitto-1l","isAgeLimitedByAlcohol":false,"frozen":false,"packagingLabels":["FSC-sertifikaatti (Forest Stewardship Council)"," Hyvää Suomesta (Sininen Joutsen)"],"packagingLabelCodes":["FOREST_STEWARDSHIP_COUNCIL_LABEL"," GOODS_FROM_FINLAND_BLUE_SWAN"],"hierarchyPath":[{"id":"Herkku_00000675","name":"Marjakeitot","slug":"juomat-1/mehut/marjakeitot","__typename":"HierarchyPathItem"},{"id":"Herkku_00000120","name":"Mehut","slug":"juomat-1/mehut","__typename":"HierarchyPathItem"},{"id":"Herkku_00000005","name":"Juomat","slug":"juomat-1","__typename":"HierarchyPathItem"}],"isGlobalFallback":null,"countryName":{"fi":"Suomi","__typename":"CountryName"}},{"id":"6414893503298","ean":"6414893503298","name":"Kotimaista Mustikkamehu 1 L","price":2.55,"storeId":725782447,"__typename":"Product","approxPrice":false,"basicQuantityUnit":"KPL","comparisonPrice":2.55,"comparisonUnit":"LTR","consumerPackageSize":null,"consumerPackageUnit":null,"priceUnit":"KPL","quantityMultiplier":1,"brandName":"Kotimaista","slug":"kotimaista-mustikkamehu-1-l","isAgeLimitedByAlcohol":false,"frozen":false,"packagingLabels":["FSC-sertifikaatti (Forest Stewardship Council)"],"packagingLabelCodes":["FOREST_STEWARDSHIP_COUNCIL_LABEL"],"hierarchyPath":[{"id":"Herkku_00000666","name":"Muut mehut","slug":"juomat-1/mehut/muut-mehut","__typename":"HierarchyPathItem"},{"id":"Herkku_00000120","name":"Mehut","slug":"juomat-1/mehut","__typename":"HierarchyPathItem"},{"id":"Herkku_00000005","name":"Juomat","slug":"juomat-1","__typename":"HierarchyPathItem"}],"isGlobalFallback":null,"countryName":{"fi":"Suomi","__typename":"CountryName"}},{"id":"6414893503380","ean":"6414893503380","name":"Rainbow 1l mango-appelsiini smoothie","price":2.9,"storeId":725782447,"__typename":"Product","approxPrice":false,"basicQuantityUnit":"KPL","comparisonPrice":2.9,"comparisonUnit":"LTR","consumerPackageSize":null,"consumerPackageUnit":null,"priceUnit":"KPL","quantityMultiplier":1,"brandName":"Rainbow","slug":"rainbow-1l-mango-appelsiini-smoothie","isAgeLimitedByAlcohol":false,"frozen":false,"packagingLabels":[],"packagingLabelCodes":[],"hierarchyPath":[{"id":"1591691224561857","name":"Smoothiet ja mehushotit","slug":"juomat-1/mehut/smoothiet-ja-mehushotit","__typename":"HierarchyPathItem"},{"id":"Herkku_00000120","name":"Mehut","slug":"juomat-1/mehut","__typename":"HierarchyPathItem"},{"id":"Herkku_00000005","name":"Juomat","slug":"juomat-1","__typename":"HierarchyPathItem"}],"isGlobalFallback":null,"countryName":{"fi":"Ruotsi","__typename":"CountryName"}},{"id":"6414893504462","ean":"6414893504462","name":"Xtra 1l vadelmakeitto sokeriton","price":1.95,"storeId":725782447,"__typename":"Product","approxPrice":false,"basicQuantityUnit":"KPL","comparisonPrice":1.95,"comparisonUnit":"LTR","consumerPackageSize":null,"consumerPackageUnit":null,"priceUnit":"KPL","quantityMultiplier":1,"brandName":"Xtra","slug":"xtra-1l-vadelmakeitto-sokeriton","isAgeLimitedByAlcohol":false,"frozen":false,"packagingLabels":["FSC-sertifikaatti (Forest Stewardship Council)"],"packagingLabelCodes":["FOREST_STEWARDSHIP_COUNCIL_LABEL"],"hierarchyPath":[{"id":"Herkku_00000675","name":"Marjakeitot","slug":"juomat-1/mehut/marjakeitot","__typename":"HierarchyPathItem"},{"id":"Herkku_00000120","name":"Mehut","slug":"juomat-1/mehut","__typename":"HierarchyPathItem"},{"id":"Herkku_00000005","name":"Juomat","slug":"juomat-1","__typename":"HierarchyPathItem"}],"isGlobalFallback":null,"countryName":{"fi":"Suomi","__typename":"CountryName"}},{"id":"6414893504523","ean":"6414893504523","name":"Rainbow ananas-mandariinijuoma 1l","price":1.25,"storeId":725782447,"__typename":"Product","approxPrice":false,"basicQuantityUnit":"KPL","comparisonPrice":1.25,"comparisonUnit":"LTR","consumerPackageSize":null,"consumerPackageUnit":null,"priceUnit":"KPL","quantityMultiplier":1,"brandName":"Rainbow","slug":"rainbow-ananas-mandariinijuoma-1l","isAgeLimitedByAlcohol":false,"frozen":false,"packagingLabels":["FSC-sertifikaatti (Forest Stewardship Council)"],"packagingLabelCodes":["FOREST_STEWARDSHIP_COUNCIL_LABEL"],"hierarchyPath":[{"id":"Herkku_00000658","name":"Muut hedelmämehut","slug":"juomat-1/mehut/muut-hedelmamehut","__typename":"HierarchyPathItem"},{"id":"Herkku_00000120","name":"Mehut","slug":"juomat-1/mehut","__typename":"HierarchyPathItem"},{"id":"Herkku_00000005","name":"Juomat","slug":"juomat-1","__typename":"HierarchyPathItem"}],"isGlobalFallback":null,"countryName":{"fi":"Suomi","__typename":"CountryName"}},{"id":"6414893505070","ean":"6414893505070","name":"Rainbow sekajuomatiiviste 1+5 0,5l","price":3.5,"storeId":725782447,"__typename":"Product","approxPrice":false,"basicQuantityUnit":"KPL","comparisonPrice":6.6,"comparisonUnit":"LTR","consumerPackageSize":null,"consumerPackageUnit":null,"priceUnit":"KPL","quantityMultiplier":1,"brandName":"Rainbow","slug":"rainbow-sekajuomatiiviste-15-0-5l","isAgeLimitedByAlcohol":false,"frozen":false,"packagingLabels":[],"packagingLabelCodes":[],"hierarchyPath":[{"id":"Herkku_00000652","name":"Mehutiivisteet","slug":"juomat-1/mehut/mehutiivisteet","__typename":"HierarchyPathItem"},{"id":"Herkku_00000120","name":"Mehut","slug":"juomat-1/mehut","__typename":"HierarchyPathItem"},{"id":"Herkku_00000005","name":"Juomat","slug":"juomat-1","__typename":"HierarchyPathItem"}],"isGlobalFallback":null,"countryName":{"fi":"Suomi","__typename":"CountryName"}},{"id":"6414893505599","ean":"6414893505599","name":"Kotimaista maidoton perunamuusijauhe 200 g","price":1.65,"storeId":725782447,"__typename":"Product","approxPrice":false,"basicQuantityUnit":"KPL","comparisonPrice":8.25,"comparisonUnit":"KGM","consumerPackageSize":null,"consumerPackageUnit":null,"priceUnit":"KPL","quantityMultiplier":1,"brandName":"Kotimaista","slug":"kotimaista-maidoton-perunamuusijauhe-200-g","isAgeLimitedByAlcohol":false,"frozen":false,"packagingLabels":["Hyvää Suomesta (Sininen Joutsen)"],"packagingLabelCodes":["GOODS_FROM_FINLAND_BLUE_SWAN"],"hierarchyPath":[{"id":"Herkku_00000490","name":"Perunasoseainekset","slug":"kuivatuotteet-ja-leivonta-1/riisit-pastat-ja-nuudelit/perunasoseainekset","__typename":"HierarchyPathItem"},{"id":"Herkku_00000088","name":"Riisit, pastat ja nuudelit","slug":"kuivatuotteet-ja-leivonta-1/riisit-pastat-ja-nuudelit","__typename":"HierarchyPathItem"},{"id":"Herkku_00000007","name":"Kuivatuotteet ja leivonta","slug":"kuivatuotteet-ja-leivonta-1","__typename":"HierarchyPathItem"}],"isGlobalFallback":null,"countryName":{"fi":"Suomi","__typename":"CountryName"}},{"id":"6414893505643","ean":"6414893505643","name":"Kotimaista Makaroni 350g","price":0.49,"storeId":725782447,"__typename":"Product","approxPrice":false,"basicQuantityUnit":"KPL","comparisonPrice":1.4,"comparisonUnit":"KGM","consumerPackageSize":null,"consumerPackageUnit":null,"priceUnit":"KPL","quantityMultiplier":1,"brandName":"Kotimaista","slug":"kotimaista-makaroni-350g","isAgeLimitedByAlcohol":false,"frozen":false,"packagingLabels":["Hyvää Suomesta (Sininen Joutsen)"],"packagingLabelCodes":["GOODS_FROM_FINLAND_BLUE_SWAN"],"hierarchyPath":[{"id":"Herkku_00000494","name":"Makaronit","slug":"kuivatuotteet-ja-leivonta-1/riisit-pastat-ja-nuudelit/makaronit","__typename":"HierarchyPathItem"},{"id":"Herkku_00000088","name":"Riisit, pastat ja nuudelit","slug":"kuivatuotteet-ja-leivonta-1/riisit-pastat-ja-nuudelit","__typename":"HierarchyPathItem"},{"id":"Herkku_00000007","name":"Kuivatuotteet ja leivonta","slug":"kuivatuotteet-ja-leivonta-1","__typename":"HierarchyPathItem"}],"isGlobalFallback":null,"countryName":{"fi":"Suomi","__typename":"CountryName"}},{"id":"6414893587618","ean":"6414893587618","name":"Kotimaista Sulatejuusto 200 g","price":2.79,"storeId":725782447,"__typename":"Product","approxPrice":false,"basicQuantityUnit":"KPL","comparisonPrice":13.95,"comparisonUnit":"KGM","consumerPackageSize":null,"consumerPackageUnit":null,"priceUnit":"KPL","quantityMultiplier":1,"brandName":"Kotimaista","slug":"kotimaista-sulatejuusto-200-g","isAgeLimitedByAlcohol":false,"frozen":false,"packagingLabels":["Hyvää Suomesta (Sininen Joutsen)"],"packagingLabelCodes":["GOODS_FROM_FINLAND_BLUE_SWAN"],"hierarchyPath":[{"id":"1591691244878258","name":"Levitettävät juustot","slug":"juustot-0/ruoka-ja-herkuttelujuustot/levitettavat-juustot","__typename":"HierarchyPathItem"},{"id":"1591691244827915","name":"Ruoka- ja herkuttelujuustot","slug":"juustot-0/ruoka-ja-herkuttelujuustot","__typename":"HierarchyPathItem"},{"id":"Herkku_00000003","name":"Juustot","slug":"juustot-0","__typename":"HierarchyPathItem"}],"isGlobalFallback":null,"countryName":{"fi":"Suomi","__typename":"CountryName"}},{"id":"6414893587649","ean":"6414893587649","name":"Kotimaista Edamjuusto 325 g","price":4.69,"storeId":725782447,"__typename":"Product","approxPrice":false,"basicQuantityUnit":"KPL","comparisonPrice":14.43,"comparisonUnit":"KGM","consumerPackageSize":null,"consumerPackageUnit":null,"priceUnit":"KPL","quantityMultiplier":1,"brandName":"Kotimaista","slug":"kotimaista-edamjuusto-325-g","isAgeLimitedByAlcohol":false,"frozen":false,"packagingLabels":["Hyvää Suomesta (Sininen Joutsen)"],"packagingLabelCodes":["GOODS_FROM_FINLAND_BLUE_SWAN"],"hierarchyPath":[{"id":"1591691244827919","name":"Edam juustot","slug":"juustot-0/pala-ja-viipalejuustot/edam-juustot","__typename":"HierarchyPathItem"},{"id":"1591691244827914","name":"Pala- ja viipalejuustot","slug":"juustot-0/pala-ja-viipalejuustot","__typename":"HierarchyPathItem"},{"id":"Herkku_00000003","name":"Juustot","slug":"juustot-0","__typename":"HierarchyPathItem"}],"isGlobalFallback":null,"countryName":{"fi":"Suomi","__typename":"CountryName"}},{"id":"6414893587670","ean":"6414893587670","name":"Kotimaista kermajuusto 17 % 450 g","price":4.49,"storeId":725782447,"__typename":"Product","approxPrice":false,"basicQuantityUnit":"KPL","comparisonPrice":9.98,"comparisonUnit":"KGM","consumerPackageSize":null,"consumerPackageUnit":null,"priceUnit":"KPL","quantityMultiplier":1,"brandName":"Kotimaista","slug":"kotimaista-kermajuusto-17-450-g","isAgeLimitedByAlcohol":false,"frozen":false,"packagingLabels":["Hyvää Suomesta (Sininen Joutsen)"],"packagingLabelCodes":["GOODS_FROM_FINLAND_BLUE_SWAN"],"hierarchyPath":[{"id":"1591691244827921","name":"Kermajuustot","slug":"juustot-0/pala-ja-viipalejuustot/kermajuustot","__typename":"HierarchyPathItem"},{"id":"1591691244827914","name":"Pala- ja viipalejuustot","slug":"juustot-0/pala-ja-viipalejuustot","__typename":"HierarchyPathItem"},{"id":"Herkku_00000003","name":"Juustot","slug":"juustot-0","__typename":"HierarchyPathItem"}],"isGlobalFallback":null,"countryName":{"fi":"Suomi","__typename":"CountryName"}},{"id":"6414894500005","ean":"6414894500005","name":"Kotimaista suomalaiset babyporkkanat 250 g","price":1.55,"storeId":725782447,"__typename":"Product","approxPrice":false,"basicQuantityUnit":"KPL","comparisonPrice":6.2,"comparisonUnit":"KGM","consumerPackageSize":null,"consumerPackageUnit":null,"priceUnit":"KPL","quantityMultiplier":1,"brandName":"Kotimaista","slug":"kotimaista-suomalaiset-babyporkkanat-250-g","isAgeLimitedByAlcohol":false,"frozen":false,"packagingLabels":["Sirkkalehtilippu"],"packagingLabelCodes":["PUHTAASTI_KOTIMAINEN"],"hierarchyPath":[{"id":"Herkku_00000187","name":"Porkkanat","slug":"hedelmat-ja-vihannekset-1/juurekset/porkkanat","__typename":"HierarchyPathItem"},{"id":"Herkku_00000019","name":"Juurekset","slug":"hedelmat-ja-vihannekset-1/juurekset","__typename":"HierarchyPathItem"},{"id":"Herkku_00000001","name":"Hedelmät ja vihannekset","slug":"hedelmat-ja-vihannekset-1","__typename":"HierarchyPathItem"}],"isGlobalFallback":null,"countryName":{"fi":"Suomi","__typename":"CountryName"}},{"id":"6414894500104","ean":"6414894500104","name":"Kotimaista 500g suomalainen punasipuli 2.lk","price":1.15,"storeId":725782447,"__typename":"Product","approxPrice":false,"basicQuantityUnit":"KPL","comparisonPrice":2.3,"comparisonUnit":"KGM","consumerPackageSize":null,"consumerPackageUnit":null,"priceUnit":"KPL","quantityMultiplier":1,"brandName":"Kotimaista","slug":"kotimaista-500g-suomalainen-punasipuli-2lk","isAgeLimitedByAlcohol":false,"frozen":false,"packagingLabels":["Sirkkalehtilippu"],"packagingLabelCodes":["PUHTAASTI_KOTIMAINEN"],"hierarchyPath":[{"id":"StructureGroup_507756644246826","name":"Sipulit","slug":"hedelmat-ja-vihannekset-1/vihannekset/sipulit","__typename":"HierarchyPathItem"},{"id":"Herkku_00000023","name":"Vihannekset","slug":"hedelmat-ja-vihannekset-1/vihannekset","__typename":"HierarchyPathItem"},{"id":"Herkku_00000001","name":"Hedelmät ja vihannekset","slug":"hedelmat-ja-vihannekset-1","__typename":"HierarchyPathItem"}],"isGlobalFallback":null,"countryName":{"fi":"Suomi","__typename":"CountryName"}},{"id":"6414894500128","ean":"6414894500128","name":"Kotimaista 100g suomalainen ruukkujääsalaatti","price":1.85,"storeId":725782447,"__typename":"Product","approxPrice":false,"basicQuantityUnit":"KPL","comparisonPrice":18.5,"comparisonUnit":"KGM","consumerPackageSize":null,"consumerPackageUnit":null,"priceUnit":"KPL","quantityMultiplier":1,"brandName":"Kotimaista","slug":"kotimaista-100g-suomalainen-ruukkujaasalaatti","isAgeLimitedByAlcohol":false,"frozen":false,"packagingLabels":["Sirkkalehtilippu"],"packagingLabelCodes":["PUHTAASTI_KOTIMAINEN"],"hierarchyPath":[{"id":"Herkku_00000208","name":"Salaatit","slug":"hedelmat-ja-vihannekset-1/vihannekset/salaatit","__typename":"HierarchyPathItem"},{"id":"Herkku_00000023","name":"Vihannekset","slug":"hedelmat-ja-vihannekset-1/vihannekset","__typename":"HierarchyPathItem"},{"id":"Herkku_00000001","name":"Hedelmät ja vihannekset","slug":"hedelmat-ja-vihannekset-1","__typename":"HierarchyPathItem"}],"isGlobalFallback":null,"countryName":{"fi":"Suomi","__typename":"CountryName"}},{"id":"6414894500135","ean":"6414894500135","name":"Kotimaista 100g suomalainen jääsalaatti pakattu","price":1.85,"storeId":725782447,"__typename":"Product","approxPrice":false,"basicQuantityUnit":"KPL","comparisonPrice":18.5,"comparisonUnit":"KGM","consumerPackageSize":null,"consumerPackageUnit":null,"priceUnit":"KPL","quantityMultiplier":1,"brandName":"Kotimaista","slug":"kotimaista-100g-suomalainen-jaasalaatti-pakattu","isAgeLimitedByAlcohol":false,"frozen":false,"packagingLabels":["Sirkkalehtilippu"],"packagingLabelCodes":["PUHTAASTI_KOTIMAINEN"],"hierarchyPath":[{"id":"Herkku_00000208","name":"Salaatit","slug":"hedelmat-ja-vihannekset-1/vihannekset/salaatit","__typename":"HierarchyPathItem"},{"id":"Herkku_00000023","name":"Vihannekset","slug":"hedelmat-ja-vihannekset-1/vihannekset","__typename":"HierarchyPathItem"},{"id":"Herkku_00000001","name":"Hedelmät ja vihannekset","slug":"hedelmat-ja-vihannekset-1","__typename":"HierarchyPathItem"}],"isGlobalFallback":null,"countryName":{"fi":"Suomi","__typename":"CountryName"}},{"id":"6414894500173","ean":"6414894500173","name":"Rainbow Parsakaali Pakattu 300g","price":1.39,"storeId":725782447,"__typename":"Product","approxPrice":false,"basicQuantityUnit":"KPL","comparisonPrice":4.63,"comparisonUnit":"KGM","consumerPackageSize":null,"consumerPackageUnit":null,"priceUnit":"KPL","quantityMultiplier":1,"brandName":"Rainbow","slug":"rainbow-parsakaali-pakattu-300g","isAgeLimitedByAlcohol":false,"frozen":false,"packagingLabels":[],"packagingLabelCodes":[],"hierarchyPath":[{"id":"StructureGroup_507756644246827","name":"Kaalit","slug":"hedelmat-ja-vihannekset-1/vihannekset/kaalit","__typename":"HierarchyPathItem"},{"id":"Herkku_00000023","name":"Vihannekset","slug":"hedelmat-ja-vihannekset-1/vihannekset","__typename":"HierarchyPathItem"},{"id":"Herkku_00000001","name":"Hedelmät ja vihannekset","slug":"hedelmat-ja-vihannekset-1","__typename":"HierarchyPathItem"}],"isGlobalFallback":null,"countryName":null},{"id":"6414894500210","ean":"6414894500210","name":"Rainbow 250g miniluumutomaatti","price":1.49,"storeId":725782447,"__typename":"Product","approxPrice":false,"basicQuantityUnit":"KPL","comparisonPrice":5.96,"comparisonUnit":"KGM","consumerPackageSize":null,"consumerPackageUnit":null,"priceUnit":"KPL","quantityMultiplier":1,"brandName":"Rainbow","slug":"rainbow-250g-miniluumutomaatti","isAgeLimitedByAlcohol":false,"frozen":false,"packagingLabels":[],"packagingLabelCodes":[],"hierarchyPath":[{"id":"Herkku_00000203","name":"Tomaatit","slug":"hedelmat-ja-vihannekset-1/vihannekset/tomaatit","__typename":"HierarchyPathItem"},{"id":"Herkku_00000023","name":"Vihannekset","slug":"hedelmat-ja-vihannekset-1/vihannekset","__typename":"HierarchyPathItem"},{"id":"Herkku_00000001","name":"Hedelmät ja vihannekset","slug":"hedelmat-ja-vihannekset-1","__typename":"HierarchyPathItem"}],"isGlobalFallback":null,"countryName":{"fi":"Espanja","__typename":"CountryName"}},{"id":"6414894500241","ean":"6414894500241","name":"Rainbow 1kg espanjalainen klementiini 1lk","price":2.39,"storeId":725782447,"__typename":"Product","approxPrice":false,"basicQuantityUnit":"KPL","comparisonPrice":2.39,"comparisonUnit":"KGM","consumerPackageSize":null,"consumerPackageUnit":null,"priceUnit":"KPL","quantityMultiplier":1,"brandName":"Rainbow","slug":"rainbow-1kg-espanjalainen-klementiini-1lk","isAgeLimitedByAlcohol":false,"frozen":false,"packagingLabels":[],"packagingLabelCodes":[],"hierarchyPath":[{"id":"1591691250826694","name":"Mandariinit","slug":"hedelmat-ja-vihannekset-1/hedelmat/mandariinit","__typename":"HierarchyPathItem"},{"id":"Herkku_00000021","name":"Hedelmät","slug":"hedelmat-ja-vihannekset-1/hedelmat","__typename":"HierarchyPathItem"},{"id":"Herkku_00000001","name":"Hedelmät ja vihannekset","slug":"hedelmat-ja-vihannekset-1","__typename":"HierarchyPathItem"}],"isGlobalFallback":null,"countryName":{"fi":"Espanja","__typename":"CountryName"}},{"id":"6414894500272","ean":"6414894500272","name":"Kotimaista 30g suomalainen tillinippu","price":1.59,"storeId":725782447,"__typename":"Product","approxPrice":false,"basicQuantityUnit":"KPL","comparisonPrice":53,"comparisonUnit":"KGM","consumerPackageSize":null,"consumerPackageUnit":null,"priceUnit":"KPL","quantityMultiplier":1,"brandName":"Kotimaista","slug":"kotimaista-30g-suomalainen-tillinippu","isAgeLimitedByAlcohol":false,"frozen":false,"packagingLabels":["Sirkkalehtilippu"],"packagingLabelCodes":["PUHTAASTI_KOTIMAINEN"],"hierarchyPath":[{"id":"Herkku_00000024","name":"Yrtit","slug":"hedelmat-ja-vihannekset-1/yrtit","__typename":"HierarchyPathItem"},{"id":"Herkku_00000001","name":"Hedelmät ja vihannekset","slug":"hedelmat-ja-vihannekset-1","__typename":"HierarchyPathItem"}],"isGlobalFallback":null,"countryName":{"fi":"Suomi","__typename":"CountryName"}},{"id":"6414894500401","ean":"6414894500401","name":"Rainbow viinirypäle tumma siemenetön 500g","price":3.59,"storeId":725782447,"__typename":"Product","approxPrice":false,"basicQuantityUnit":"KPL","comparisonPrice":7.18,"comparisonUnit":"KGM","consumerPackageSize":null,"consumerPackageUnit":null,"priceUnit":"KPL","quantityMultiplier":1,"brandName":"Rainbow","slug":"rainbow-viinirypale-tumma-siemeneton-500g","isAgeLimitedByAlcohol":false,"frozen":false,"packagingLabels":[],"packagingLabelCodes":[],"hierarchyPath":[{"id":"Herkku_00000191","name":"Rypäleet","slug":"hedelmat-ja-vihannekset-1/hedelmat/rypaleet","__typename":"HierarchyPathItem"},{"id":"Herkku_00000021","name":"Hedelmät","slug":"hedelmat-ja-vihannekset-1/hedelmat","__typename":"HierarchyPathItem"},{"id":"Herkku_00000001","name":"Hedelmät ja vihannekset","slug":"hedelmat-ja-vihannekset-1","__typename":"HierarchyPathItem"}],"isGlobalFallback":null,"countryName":{"fi":"Etelä-Afrikka","__typename":"CountryName"}},{"id":"6414894500609","ean":"6414894500609","name":"Rainbow vihreä siemenetön viinirypäle 500 g","price":3.59,"storeId":725782447,"__typename":"Product","approxPrice":false,"basicQuantityUnit":"KPL","comparisonPrice":7.18,"comparisonUnit":"KGM","consumerPackageSize":null,"consumerPackageUnit":null,"priceUnit":"KPL","quantityMultiplier":1,"brandName":"Rainbow","slug":"rainbow-vihrea-siemeneton-viinirypale-500-g","isAgeLimitedByAlcohol":false,"frozen":false,"packagingLabels":[],"packagingLabelCodes":[],"hierarchyPath":[{"id":"Herkku_00000191","name":"Rypäleet","slug":"hedelmat-ja-vihannekset-1/hedelmat/rypaleet","__typename":"HierarchyPathItem"},{"id":"Herkku_00000021","name":"Hedelmät","slug":"hedelmat-ja-vihannekset-1/hedelmat","__typename":"HierarchyPathItem"},{"id":"Herkku_00000001","name":"Hedelmät ja vihannekset","slug":"hedelmat-ja-vihannekset-1","__typename":"HierarchyPathItem"}],"isGlobalFallback":null,"countryName":null},{"id":"6414894500623","ean":"6414894500623","name":"RAINBOW 400g paprikamix Espanja","price":2.19,"storeId":725782447,"__typename":"Product","approxPrice":false,"basicQuantityUnit":"KPL","comparisonPrice":5.48,"comparisonUnit":"KGM","consumerPackageSize":null,"consumerPackageUnit":null,"priceUnit":"KPL","quantityMultiplier":1,"brandName":"Rainbow","slug":"rainbow-400g-paprikamix-espanja","isAgeLimitedByAlcohol":false,"frozen":false,"packagingLabels":[],"packagingLabelCodes":[],"hierarchyPath":[{"id":"StructureGroup_507756644246825","name":"Paprikat","slug":"hedelmat-ja-vihannekset-1/vihannekset/paprikat","__typename":"HierarchyPathItem"},{"id":"Herkku_00000023","name":"Vihannekset","slug":"hedelmat-ja-vihannekset-1/vihannekset","__typename":"HierarchyPathItem"},{"id":"Herkku_00000001","name":"Hedelmät ja vihannekset","slug":"hedelmat-ja-vihannekset-1","__typename":"HierarchyPathItem"}],"isGlobalFallback":null,"countryName":{"fi":"Espanja","__typename":"CountryName"}},{"id":"6414894500630","ean":"6414894500630","name":"Rainbow Esikeitetty Maissi 450g","price":2.28,"storeId":725782447,"__typename":"Product","approxPrice":false,"basicQuantityUnit":"KPL","comparisonPrice":5.07,"comparisonUnit":"KGM","consumerPackageSize":null,"consumerPackageUnit":null,"priceUnit":"KPL","quantityMultiplier":1,"brandName":"Rainbow","slug":"rainbow-esikeitetty-maissi-450g","isAgeLimitedByAlcohol":false,"frozen":false,"packagingLabels":[],"packagingLabelCodes":[],"hierarchyPath":[{"id":"Herkku_00000202","name":"Muut vihannekset","slug":"hedelmat-ja-vihannekset-1/vihannekset/muut-vihannekset","__typename":"HierarchyPathItem"},{"id":"Herkku_00000023","name":"Vihannekset","slug":"hedelmat-ja-vihannekset-1/vihannekset","__typename":"HierarchyPathItem"},{"id":"Herkku_00000001","name":"Hedelmät ja vihannekset","slug":"hedelmat-ja-vihannekset-1","__typename":"HierarchyPathItem"}],"isGlobalFallback":null,"countryName":null},{"id":"6414894500654","ean":"6414894500654","name":"Kotimaista 300g keittojuurekset","price":2.39,"storeId":725782447,"__typename":"Product","approxPrice":false,"basicQuantityUnit":"KPL","comparisonPrice":7.97,"comparisonUnit":"KGM","consumerPackageSize":null,"consumerPackageUnit":null,"priceUnit":"KPL","quantityMultiplier":1,"brandName":"Kotimaista","slug":"kotimaista-300g-keittojuurekset","isAgeLimitedByAlcohol":false,"frozen":false,"packagingLabels":["Hyvää Suomesta (Sininen Joutsen)"],"packagingLabelCodes":["GOODS_FROM_FINLAND_BLUE_SWAN"],"hierarchyPath":[{"id":"Herkku_00000185","name":"Muut juurekset","slug":"hedelmat-ja-vihannekset-1/juurekset/muut-juurekset","__typename":"HierarchyPathItem"},{"id":"Herkku_00000019","name":"Juurekset","slug":"hedelmat-ja-vihannekset-1/juurekset","__typename":"HierarchyPathItem"},{"id":"Herkku_00000001","name":"Hedelmät ja vihannekset","slug":"hedelmat-ja-vihannekset-1","__typename":"HierarchyPathItem"}],"isGlobalFallback":null,"countryName":{"fi":"Suomi","__typename":"CountryName"}},{"id":"6414894500661","ean":"6414894500661","name":"Kotimaista 300g juureskuutiot","price":2.98,"storeId":725782447,"__typename":"Product","approxPrice":false,"basicQuantityUnit":"KPL","comparisonPrice":9.93,"comparisonUnit":"KGM","consumerPackageSize":null,"consumerPackageUnit":null,"priceUnit":"KPL","quantityMultiplier":1,"brandName":"Kotimaista","slug":"kotimaista-300g-juureskuutiot","isAgeLimitedByAlcohol":false,"frozen":false,"packagingLabels":["Hyvää Suomesta (Sininen Joutsen)"],"packagingLabelCodes":["GOODS_FROM_FINLAND_BLUE_SWAN"],"hierarchyPath":[{"id":"Herkku_00000185","name":"Muut juurekset","slug":"hedelmat-ja-vihannekset-1/juurekset/muut-juurekset","__typename":"HierarchyPathItem"},{"id":"Herkku_00000019","name":"Juurekset","slug":"hedelmat-ja-vihannekset-1/juurekset","__typename":"HierarchyPathItem"},{"id":"Herkku_00000001","name":"Hedelmät ja vihannekset","slug":"hedelmat-ja-vihannekset-1","__typename":"HierarchyPathItem"}],"isGlobalFallback":null,"countryName":{"fi":"Suomi","__typename":"CountryName"}},{"id":"6414894501026","ean":"6414894501026","name":"Kotimaista 500g uunijuurekset","price":2.98,"storeId":725782447,"__typename":"Product","approxPrice":false,"basicQuantityUnit":"KPL","comparisonPrice":5.96,"comparisonUnit":"KGM","consumerPackageSize":null,"consumerPackageUnit":null,"priceUnit":"KPL","quantityMultiplier":1,"brandName":"Kotimaista","slug":"kotimaista-500g-uunijuurekset","isAgeLimitedByAlcohol":false,"frozen":false,"packagingLabels":["Hyvää Suomesta (Sininen Joutsen)"],"packagingLabelCodes":["GOODS_FROM_FINLAND_BLUE_SWAN"],"hierarchyPath":[{"id":"Herkku_00000185","name":"Muut juurekset","slug":"hedelmat-ja-vihannekset-1/juurekset/muut-juurekset","__typename":"HierarchyPathItem"},{"id":"Herkku_00000019","name":"Juurekset","slug":"hedelmat-ja-vihannekset-1/juurekset","__typename":"HierarchyPathItem"},{"id":"Herkku_00000001","name":"Hedelmät ja vihannekset","slug":"hedelmat-ja-vihannekset-1","__typename":"HierarchyPathItem"}],"isGlobalFallback":null,"countryName":{"fi":"Suomi","__typename":"CountryName"}},{"id":"6414894501217","ean":"6414894501217","name":"Kotimaista yleisperuna 2 kg","price":2.39,"storeId":725782447,"__typename":"Product","approxPrice":false,"basicQuantityUnit":"KPL","comparisonPrice":1.2,"comparisonUnit":"KGM","consumerPackageSize":null,"consumerPackageUnit":null,"priceUnit":"KPL","quantityMultiplier":1,"brandName":"Kotimaista","slug":"kotimaista-yleisperuna-2-kg","isAgeLimitedByAlcohol":false,"frozen":false,"packagingLabels":[],"packagingLabelCodes":[],"hierarchyPath":[{"id":"Herkku_00000183","name":"Perunat","slug":"hedelmat-ja-vihannekset-1/juurekset/perunat","__typename":"HierarchyPathItem"},{"id":"Herkku_00000019","name":"Juurekset","slug":"hedelmat-ja-vihannekset-1/juurekset","__typename":"HierarchyPathItem"},{"id":"Herkku_00000001","name":"Hedelmät ja vihannekset","slug":"hedelmat-ja-vihannekset-1","__typename":"HierarchyPathItem"}],"isGlobalFallback":null,"countryName":{"fi":"Suomi","__typename":"CountryName"}},{"id":"6414894501224","ean":"6414894501224","name":"Kotimaista 2kg suomalainen kiinteä peruna","price":2.39,"storeId":725782447,"__typename":"Product","approxPrice":false,"basicQuantityUnit":"KPL","comparisonPrice":1.2,"comparisonUnit":"KGM","consumerPackageSize":null,"consumerPackageUnit":null,"priceUnit":"KPL","quantityMultiplier":1,"brandName":"Kotimaista","slug":"kotimaista-2kg-suomalainen-kiintea-peruna","isAgeLimitedByAlcohol":false,"frozen":false,"packagingLabels":["Sirkkalehtilippu"],"packagingLabelCodes":["PUHTAASTI_KOTIMAINEN"],"hierarchyPath":[{"id":"Herkku_00000183","name":"Perunat","slug":"hedelmat-ja-vihannekset-1/juurekset/perunat","__typename":"HierarchyPathItem"},{"id":"Herkku_00000019","name":"Juurekset","slug":"hedelmat-ja-vihannekset-1/juurekset","__typename":"HierarchyPathItem"},{"id":"Herkku_00000001","name":"Hedelmät ja vihannekset","slug":"hedelmat-ja-vihannekset-1","__typename":"HierarchyPathItem"}],"isGlobalFallback":null,"countryName":{"fi":"Suomi","__typename":"CountryName"}},{"id":"6414894501231","ean":"6414894501231","name":"Kotimaista 1 kg suomalainen porkkana","price":1.69,"storeId":725782447,"__typename":"Product","approxPrice":false,"basicQuantityUnit":"KPL","comparisonPrice":1.69,"comparisonUnit":"KGM","consumerPackageSize":null,"consumerPackageUnit":null,"priceUnit":"KPL","quantityMultiplier":1,"brandName":"Kotimaista","slug":"kotimaista-1-kg-suomalainen-porkkana","isAgeLimitedByAlcohol":false,"frozen":false,"packagingLabels":["Sirkkalehtilippu"],"packagingLabelCodes":["PUHTAASTI_KOTIMAINEN"],"hierarchyPath":[{"id":"Herkku_00000187","name":"Porkkanat","slug":"hedelmat-ja-vihannekset-1/juurekset/porkkanat","__typename":"HierarchyPathItem"},{"id":"Herkku_00000019","name":"Juurekset","slug":"hedelmat-ja-vihannekset-1/juurekset","__typename":"HierarchyPathItem"},{"id":"Herkku_00000001","name":"Hedelmät ja vihannekset","slug":"hedelmat-ja-vihannekset-1","__typename":"HierarchyPathItem"}],"isGlobalFallback":null,"countryName":{"fi":"Suomi","__typename":"CountryName"}},{"id":"6414894501248","ean":"6414894501248","name":"Kotimaista 2kg jauhoinen peruna","price":2.39,"storeId":725782447,"__typename":"Product","approxPrice":false,"basicQuantityUnit":"KPL","comparisonPrice":1.2,"comparisonUnit":"KGM","consumerPackageSize":null,"consumerPackageUnit":null,"priceUnit":"KPL","quantityMultiplier":1,"brandName":"Kotimaista","slug":"kotimaista-2kg-jauhoinen-peruna","isAgeLimitedByAlcohol":false,"frozen":false,"packagingLabels":["Sirkkalehtilippu"],"packagingLabelCodes":["PUHTAASTI_KOTIMAINEN"],"hierarchyPath":[{"id":"Herkku_00000183","name":"Perunat","slug":"hedelmat-ja-vihannekset-1/juurekset/perunat","__typename":"HierarchyPathItem"},{"id":"Herkku_00000019","name":"Juurekset","slug":"hedelmat-ja-vihannekset-1/juurekset","__typename":"HierarchyPathItem"},{"id":"Herkku_00000001","name":"Hedelmät ja vihannekset","slug":"hedelmat-ja-vihannekset-1","__typename":"HierarchyPathItem"}],"isGlobalFallback":null,"countryName":{"fi":"Suomi","__typename":"CountryName"}},{"id":"6414894501255","ean":"6414894501255","name":"Rainbow 100g valkosipuli","price":0.85,"storeId":725782447,"__typename":"Product","approxPrice":false,"basicQuantityUnit":"KPL","comparisonPrice":8.5,"comparisonUnit":"KGM","consumerPackageSize":null,"consumerPackageUnit":null,"priceUnit":"KPL","quantityMultiplier":1,"brandName":"Rainbow","slug":"rainbow-100g-valkosipuli","isAgeLimitedByAlcohol":false,"frozen":false,"packagingLabels":[],"packagingLabelCodes":[],"hierarchyPath":[{"id":"1591691250879970","name":"Valkosipulit","slug":"hedelmat-ja-vihannekset-1/vihannekset/valkosipulit","__typename":"HierarchyPathItem"},{"id":"Herkku_00000023","name":"Vihannekset","slug":"hedelmat-ja-vihannekset-1/vihannekset","__typename":"HierarchyPathItem"},{"id":"Herkku_00000001","name":"Hedelmät ja vihannekset","slug":"hedelmat-ja-vihannekset-1","__typename":"HierarchyPathItem"}],"isGlobalFallback":null,"countryName":{"fi":"Espanja","__typename":"CountryName"}},{"id":"6414894501279","ean":"6414894501279","name":"Rainbow 250g kirsikkatomaatti I Esp/Mar","price":1.39,"storeId":725782447,"__typename":"Product","approxPrice":false,"basicQuantityUnit":"KPL","comparisonPrice":5.56,"comparisonUnit":"KGM","consumerPackageSize":null,"consumerPackageUnit":null,"priceUnit":"KPL","quantityMultiplier":1,"brandName":"Rainbow","slug":"rainbow-250g-kirsikkatomaatti-i-espmar","isAgeLimitedByAlcohol":false,"frozen":false,"packagingLabels":[],"packagingLabelCodes":[],"hierarchyPath":[{"id":"Herkku_00000203","name":"Tomaatit","slug":"hedelmat-ja-vihannekset-1/vihannekset/tomaatit","__typename":"HierarchyPathItem"},{"id":"Herkku_00000023","name":"Vihannekset","slug":"hedelmat-ja-vihannekset-1/vihannekset","__typename":"HierarchyPathItem"},{"id":"Herkku_00000001","name":"Hedelmät ja vihannekset","slug":"hedelmat-ja-vihannekset-1","__typename":"HierarchyPathItem"}],"isGlobalFallback":null,"countryName":{"fi":"Espanja","__typename":"CountryName"}},{"id":"6414894502221","ean":"6414894502221","name":"Kotimaista 1 kg punajuuri","price":1.89,"storeId":725782447,"__typename":"Product","approxPrice":false,"basicQuantityUnit":"KPL","comparisonPrice":1.89,"comparisonUnit":"KGM","consumerPackageSize":null,"consumerPackageUnit":null,"priceUnit":"KPL","quantityMultiplier":1,"brandName":"Kotimaista","slug":"kotimaista-1-kg-punajuuri","isAgeLimitedByAlcohol":false,"frozen":false,"packagingLabels":["Sirkkalehtilippu"],"packagingLabelCodes":["PUHTAASTI_KOTIMAINEN"],"hierarchyPath":[{"id":"1591691250879975","name":"Punajuuret","slug":"hedelmat-ja-vihannekset-1/juurekset/punajuuret","__typename":"HierarchyPathItem"},{"id":"Herkku_00000019","name":"Juurekset","slug":"hedelmat-ja-vihannekset-1/juurekset","__typename":"HierarchyPathItem"},{"id":"Herkku_00000001","name":"Hedelmät ja vihannekset","slug":"hedelmat-ja-vihannekset-1","__typename":"HierarchyPathItem"}],"isGlobalFallback":null,"countryName":{"fi":"Suomi","__typename":"CountryName"}},{"id":"6414894502238","ean":"6414894502238","name":"Kotimaista 500g suomalainen porkkana","price":1.19,"storeId":725782447,"__typename":"Product","approxPrice":false,"basicQuantityUnit":"KPL","comparisonPrice":2.38,"comparisonUnit":"KGM","consumerPackageSize":null,"consumerPackageUnit":null,"priceUnit":"KPL","quantityMultiplier":1,"brandName":"Kotimaista","slug":"kotimaista-500g-suomalainen-porkkana","isAgeLimitedByAlcohol":false,"frozen":false,"packagingLabels":["Sirkkalehtilippu"],"packagingLabelCodes":["PUHTAASTI_KOTIMAINEN"],"hierarchyPath":[{"id":"Herkku_00000187","name":"Porkkanat","slug":"hedelmat-ja-vihannekset-1/juurekset/porkkanat","__typename":"HierarchyPathItem"},{"id":"Herkku_00000019","name":"Juurekset","slug":"hedelmat-ja-vihannekset-1/juurekset","__typename":"HierarchyPathItem"},{"id":"Herkku_00000001","name":"Hedelmät ja vihannekset","slug":"hedelmat-ja-vihannekset-1","__typename":"HierarchyPathItem"}],"isGlobalFallback":null,"countryName":{"fi":"Suomi","__typename":"CountryName"}},{"id":"6415000190615","ean":"6415000190615","name":"Myllärin Gluteeniton Villikaura 950 g","price":3.75,"storeId":725782447,"__typename":"Product","approxPrice":false,"basicQuantityUnit":"KPL","comparisonPrice":3.95,"comparisonUnit":"KGM","consumerPackageSize":null,"consumerPackageUnit":null,"priceUnit":"KPL","quantityMultiplier":1,"brandName":"Myllärin","slug":"myllarin-gluteeniton-villikaura-950-g","isAgeLimitedByAlcohol":false,"frozen":false,"packagingLabels":["Hyvää Suomesta (Sininen Joutsen)"," Kierrätysmerkki"," Sydänmerkki"],"packagingLabelCodes":["FINNISH_HEART_SYMBOL"," GOODS_FROM_FINLAND_BLUE_SWAN"," RECYCLABLE_GENERAL_CLAIM"],"hierarchyPath":[{"id":"Herkku_00000484","name":"Muut viljapohjaiset aterialisäkkeet","slug":"kuivatuotteet-ja-leivonta-1/riisit-pastat-ja-nuudelit/muut-viljapohjaiset-aterialisakkeet","__typename":"HierarchyPathItem"},{"id":"Herkku_00000088","name":"Riisit, pastat ja nuudelit","slug":"kuivatuotteet-ja-leivonta-1/riisit-pastat-ja-nuudelit","__typename":"HierarchyPathItem"},{"id":"Herkku_00000007","name":"Kuivatuotteet ja leivonta","slug":"kuivatuotteet-ja-leivonta-1","__typename":"HierarchyPathItem"}],"isGlobalFallback":null,"countryName":{"fi":"Suomi","__typename":"CountryName"}},{"id":"6415130027942","ean":"6415130027942","name":"Marli Juissi Hedelmämehujuoma 1L","price":1.27,"storeId":725782447,"__typename":"Product","approxPrice":false,"basicQuantityUnit":"KPL","comparisonPrice":1.27,"comparisonUnit":"LTR","consumerPackageSize":null,"consumerPackageUnit":null,"priceUnit":"KPL","quantityMultiplier":1,"brandName":"Juissi","slug":"marli-juissi-hedelmamehujuoma-1l","isAgeLimitedByAlcohol":false,"frozen":false,"packagingLabels":["FSC-sertifikaatti (Forest Stewardship Council)"],"packagingLabelCodes":["FOREST_STEWARDSHIP_COUNCIL_LABEL"],"hierarchyPath":[{"id":"Herkku_00000658","name":"Muut hedelmämehut","slug":"juomat-1/mehut/muut-hedelmamehut","__typename":"HierarchyPathItem"},{"id":"Herkku_00000120","name":"Mehut","slug":"juomat-1/mehut","__typename":"HierarchyPathItem"},{"id":"Herkku_00000005","name":"Juomat","slug":"juomat-1","__typename":"HierarchyPathItem"}],"isGlobalFallback":null,"countryName":{"fi":"Suomi","__typename":"CountryName"}},{"id":"6415130027980","ean":"6415130027980","name":"Marli Juissi Sekamehujuoma 1L","price":1.27,"storeId":725782447,"__typename":"Product","approxPrice":false,"basicQuantityUnit":"KPL","comparisonPrice":1.27,"comparisonUnit":"LTR","consumerPackageSize":null,"consumerPackageUnit":null,"priceUnit":"KPL","quantityMultiplier":1,"brandName":"Juissi","slug":"marli-juissi-sekamehujuoma-1l","isAgeLimitedByAlcohol":false,"frozen":false,"packagingLabels":["FSC-sertifikaatti (Forest Stewardship Council)"],"packagingLabelCodes":["FOREST_STEWARDSHIP_COUNCIL_LABEL"],"hierarchyPath":[{"id":"Herkku_00000658","name":"Muut hedelmämehut","slug":"juomat-1/mehut/muut-hedelmamehut","__typename":"HierarchyPathItem"},{"id":"Herkku_00000120","name":"Mehut","slug":"juomat-1/mehut","__typename":"HierarchyPathItem"},{"id":"Herkku_00000005","name":"Juomat","slug":"juomat-1","__typename":"HierarchyPathItem"}],"isGlobalFallback":null,"countryName":{"fi":"Suomi","__typename":"CountryName"}},{"id":"6415130027997","ean":"6415130027997","name":"Marli Juissi Päärynämehujuoma 1L","price":1.27,"storeId":725782447,"__typename":"Product","approxPrice":false,"basicQuantityUnit":"KPL","comparisonPrice":1.27,"comparisonUnit":"LTR","consumerPackageSize":null,"consumerPackageUnit":null,"priceUnit":"KPL","quantityMultiplier":1,"brandName":"Juissi","slug":"marli-juissi-paarynamehujuoma-1l","isAgeLimitedByAlcohol":false,"frozen":false,"packagingLabels":["FSC-sertifikaatti (Forest Stewardship Council)"],"packagingLabelCodes":["FOREST_STEWARDSHIP_COUNCIL_LABEL"],"hierarchyPath":[{"id":"Herkku_00000658","name":"Muut hedelmämehut","slug":"juomat-1/mehut/muut-hedelmamehut","__typename":"HierarchyPathItem"},{"id":"Herkku_00000120","name":"Mehut","slug":"juomat-1/mehut","__typename":"HierarchyPathItem"},{"id":"Herkku_00000005","name":"Juomat","slug":"juomat-1","__typename":"HierarchyPathItem"}],"isGlobalFallback":null,"countryName":{"fi":"Suomi","__typename":"CountryName"}},{"id":"6415130031550","ean":"6415130031550","name":"Marli Juissi Ice Tea Persikka jääteejuoma 1 L","price":1.59,"storeId":725782447,"__typename":"Product","approxPrice":false,"basicQuantityUnit":"KPL","comparisonPrice":1.59,"comparisonUnit":"LTR","consumerPackageSize":null,"consumerPackageUnit":null,"priceUnit":"KPL","quantityMultiplier":1,"brandName":"Marli","slug":"marli-juissi-ice-tea-persikka-jaateejuoma-1-l","isAgeLimitedByAlcohol":false,"frozen":false,"packagingLabels":["FSC-sertifikaatti (Forest Stewardship Council)"],"packagingLabelCodes":["FOREST_STEWARDSHIP_COUNCIL_LABEL"],"hierarchyPath":[{"id":"Herkku_00000673","name":"Jääteet","slug":"juomat-1/mehut/jaateet","__typename":"HierarchyPathItem"},{"id":"Herkku_00000120","name":"Mehut","slug":"juomat-1/mehut","__typename":"HierarchyPathItem"},{"id":"Herkku_00000005","name":"Juomat","slug":"juomat-1","__typename":"HierarchyPathItem"}],"isGlobalFallback":null,"countryName":{"fi":"Suomi","__typename":"CountryName"}},{"id":"6415130038870","ean":"6415130038870","name":"Marli Mustikkakeitto +D&C-vitamiinit, sinkki 200g","price":0.79,"storeId":725782447,"__typename":"Product","approxPrice":false,"basicQuantityUnit":"KPL","comparisonPrice":3.95,"comparisonUnit":"KGM","consumerPackageSize":null,"consumerPackageUnit":null,"priceUnit":"KPL","quantityMultiplier":1,"brandName":"Marli","slug":"marli-mustikkakeitto-dandc-vitamiinit-sinkki-200g","isAgeLimitedByAlcohol":false,"frozen":false,"packagingLabels":["FSC-sertifikaatti (Forest Stewardship Council)"],"packagingLabelCodes":["FOREST_STEWARDSHIP_COUNCIL_LABEL"],"hierarchyPath":[{"id":"Herkku_00000460","name":"Jälkiruokakeitot","slug":"kuivatuotteet-ja-leivonta-1/jalkiruoat/jalkiruokakeitot","__typename":"HierarchyPathItem"},{"id":"Herkku_00000085","name":"Jälkiruoat","slug":"kuivatuotteet-ja-leivonta-1/jalkiruoat","__typename":"HierarchyPathItem"},{"id":"Herkku_00000007","name":"Kuivatuotteet ja leivonta","slug":"kuivatuotteet-ja-leivonta-1","__typename":"HierarchyPathItem"}],"isGlobalFallback":null,"countryName":{"fi":"Suomi","__typename":"CountryName"}},{"id":"6415130038955","ean":"6415130038955","name":"3x Marli Mustikkakeitto +D&C-vitamiinit, sinkki 3-pack 3x200g","price":2.25,"storeId":725782447,"__typename":"Product","approxPrice":false,"basicQuantityUnit":"KPL","comparisonPrice":3.75,"comparisonUnit":"KGM","consumerPackageSize":null,"consumerPackageUnit":null,"priceUnit":"KPL","quantityMultiplier":1,"brandName":"Marli","slug":"3x-marli-mustikkakeitto-dandc-vitamiinit-sinkki-3-pack-3x200g","isAgeLimitedByAlcohol":false,"frozen":false,"packagingLabels":["FSC-sertifikaatti (Forest Stewardship Council)"],"packagingLabelCodes":["FOREST_STEWARDSHIP_COUNCIL_LABEL"],"hierarchyPath":[{"id":"Herkku_00000460","name":"Jälkiruokakeitot","slug":"kuivatuotteet-ja-leivonta-1/jalkiruoat/jalkiruokakeitot","__typename":"HierarchyPathItem"},{"id":"Herkku_00000085","name":"Jälkiruoat","slug":"kuivatuotteet-ja-leivonta-1/jalkiruoat","__typename":"HierarchyPathItem"},{"id":"Herkku_00000007","name":"Kuivatuotteet ja leivonta","slug":"kuivatuotteet-ja-leivonta-1","__typename":"HierarchyPathItem"}],"isGlobalFallback":null,"countryName":{"fi":"Suomi","__typename":"CountryName"}},{"id":"6415130041474","ean":"6415130041474","name":"Marli Natur Neljä Hedelmää täysmehu 100% 1L","price":2.3,"storeId":725782447,"__typename":"Product","approxPrice":false,"basicQuantityUnit":"KPL","comparisonPrice":2.3,"comparisonUnit":"LTR","consumerPackageSize":null,"consumerPackageUnit":null,"priceUnit":"KPL","quantityMultiplier":1,"brandName":"Marli","slug":"marli-natur-nelja-hedelmaa-taysmehu-100-1l","isAgeLimitedByAlcohol":false,"frozen":false,"packagingLabels":["FSC-sertifikaatti (Forest Stewardship Council)"],"packagingLabelCodes":["FOREST_STEWARDSHIP_COUNCIL_LABEL"],"hierarchyPath":[{"id":"Herkku_00000658","name":"Muut hedelmämehut","slug":"juomat-1/mehut/muut-hedelmamehut","__typename":"HierarchyPathItem"},{"id":"Herkku_00000120","name":"Mehut","slug":"juomat-1/mehut","__typename":"HierarchyPathItem"},{"id":"Herkku_00000005","name":"Juomat","slug":"juomat-1","__typename":"HierarchyPathItem"}],"isGlobalFallback":null,"countryName":{"fi":"Suomi","__typename":"CountryName"}},{"id":"6415130043447","ean":"6415130043447","name":"Marli Glögijuoma 1L","price":1.95,"storeId":725782447,"__typename":"Product","approxPrice":false,"basicQuantityUnit":"KPL","comparisonPrice":1.95,"comparisonUnit":"LTR","consumerPackageSize":null,"consumerPackageUnit":null,"priceUnit":"KPL","quantityMultiplier":1,"brandName":"Marli","slug":"marli-glogijuoma-1l","isAgeLimitedByAlcohol":false,"frozen":false,"packagingLabels":["FSC-sertifikaatti (Forest Stewardship Council)"],"packagingLabelCodes":["FOREST_STEWARDSHIP_COUNCIL_LABEL"],"hierarchyPath":[{"id":"1591691224561860","name":"Kausijuomat","slug":"juomat-1/kausijuomat","__typename":"HierarchyPathItem"},{"id":"Herkku_00000005","name":"Juomat","slug":"juomat-1","__typename":"HierarchyPathItem"}],"isGlobalFallback":null,"countryName":{"fi":"Suomi","__typename":"CountryName"}},{"id":"6415130043461","ean":"6415130043461","name":"Tropic Appelsiinitäysmehu 100% 1L","price":2.02,"storeId":725782447,"__typename":"Product","approxPrice":false,"basicQuantityUnit":"KPL","comparisonPrice":2.02,"comparisonUnit":"LTR","consumerPackageSize":null,"consumerPackageUnit":null,"priceUnit":"KPL","quantityMultiplier":1,"brandName":"Tropic","slug":"tropic-appelsiinitaysmehu-100-1l","isAgeLimitedByAlcohol":false,"frozen":false,"packagingLabels":["FSC-sertifikaatti (Forest Stewardship Council)"],"packagingLabelCodes":["FOREST_STEWARDSHIP_COUNCIL_LABEL"],"hierarchyPath":[{"id":"Herkku_00000665","name":"Appelsiinimehut","slug":"juomat-1/mehut/appelsiinimehut","__typename":"HierarchyPathItem"},{"id":"Herkku_00000120","name":"Mehut","slug":"juomat-1/mehut","__typename":"HierarchyPathItem"},{"id":"Herkku_00000005","name":"Juomat","slug":"juomat-1","__typename":"HierarchyPathItem"}],"isGlobalFallback":null,"countryName":{"fi":"Suomi","__typename":"CountryName"}},{"id":"6415130043485","ean":"6415130043485","name":"Tropic Omenatäysmehu 100% 1L","price":1.75,"storeId":725782447,"__typename":"Product","approxPrice":false,"basicQuantityUnit":"KPL","comparisonPrice":1.75,"comparisonUnit":"LTR","consumerPackageSize":null,"consumerPackageUnit":null,"priceUnit":"KPL","quantityMultiplier":1,"brandName":"Tropic","slug":"tropic-omenataysmehu-100-1l","isAgeLimitedByAlcohol":false,"frozen":false,"packagingLabels":["FSC-sertifikaatti (Forest Stewardship Council)"],"packagingLabelCodes":["FOREST_STEWARDSHIP_COUNCIL_LABEL"],"hierarchyPath":[{"id":"Herkku_00000655","name":"Omenamehut","slug":"juomat-1/mehut/omenamehut","__typename":"HierarchyPathItem"},{"id":"Herkku_00000120","name":"Mehut","slug":"juomat-1/mehut","__typename":"HierarchyPathItem"},{"id":"Herkku_00000005","name":"Juomat","slug":"juomat-1","__typename":"HierarchyPathItem"}],"isGlobalFallback":null,"countryName":{"fi":"Suomi","__typename":"CountryName"}},{"id":"6415130049685","ean":"6415130049685","name":"Marli Vital Karpalo-rypäle + flavonoidit + sinkkilaktaatti mehujuoma 1L","price":2.18,"storeId":725782447,"__typename":"Product","approxPrice":false,"basicQuantityUnit":"KPL","comparisonPrice":2.18,"comparisonUnit":"LTR","consumerPackageSize":null,"consumerPackageUnit":null,"priceUnit":"KPL","quantityMultiplier":1,"brandName":"Marli","slug":"marli-vital-karpalo-rypale-flavonoidit-sinkkilaktaatti-mehujuoma-1l","isAgeLimitedByAlcohol":false,"frozen":false,"packagingLabels":["FSC-sertifikaatti (Forest Stewardship Council)"],"packagingLabelCodes":["FOREST_STEWARDSHIP_COUNCIL_LABEL"],"hierarchyPath":[{"id":"Herkku_00000666","name":"Muut mehut","slug":"juomat-1/mehut/muut-mehut","__typename":"HierarchyPathItem"},{"id":"Herkku_00000120","name":"Mehut","slug":"juomat-1/mehut","__typename":"HierarchyPathItem"},{"id":"Herkku_00000005","name":"Juomat","slug":"juomat-1","__typename":"HierarchyPathItem"}],"isGlobalFallback":null,"countryName":{"fi":"Suomi","__typename":"CountryName"}},{"id":"6415130049708","ean":"6415130049708","name":"Marli Vital Multivitamiinimehujuoma + B&C -vitamiinit 1L","price":2.18,"storeId":725782447,"__typename":"Product","approxPrice":false,"basicQuantityUnit":"KPL","comparisonPrice":2.18,"comparisonUnit":"LTR","consumerPackageSize":null,"consumerPackageUnit":null,"priceUnit":"KPL","quantityMultiplier":1,"brandName":"Marli","slug":"marli-vital-multivitamiinimehujuoma-bandc-vitamiinit-1l","isAgeLimitedByAlcohol":false,"frozen":false,"packagingLabels":["FSC-sertifikaatti (Forest Stewardship Council)"],"packagingLabelCodes":["FOREST_STEWARDSHIP_COUNCIL_LABEL"],"hierarchyPath":[{"id":"Herkku_00000666","name":"Muut mehut","slug":"juomat-1/mehut/muut-mehut","__typename":"HierarchyPathItem"},{"id":"Herkku_00000120","name":"Mehut","slug":"juomat-1/mehut","__typename":"HierarchyPathItem"},{"id":"Herkku_00000005","name":"Juomat","slug":"juomat-1","__typename":"HierarchyPathItem"}],"isGlobalFallback":null,"countryName":{"fi":"Suomi","__typename":"CountryName"}},{"id":"6415130049722","ean":"6415130049722","name":"Marli Vital Appelsiini-mango + ACE-vitamiinit vitaminoitu mehujuoma 1L","price":2.18,"storeId":725782447,"__typename":"Product","approxPrice":false,"basicQuantityUnit":"KPL","comparisonPrice":2.18,"comparisonUnit":"LTR","consumerPackageSize":null,"consumerPackageUnit":null,"priceUnit":"KPL","quantityMultiplier":1,"brandName":"Marli","slug":"marli-vital-appelsiini-mango-ace-vitamiinit-vitaminoitu-mehujuoma-1l","isAgeLimitedByAlcohol":false,"frozen":false,"packagingLabels":["FSC-sertifikaatti (Forest Stewardship Council)"],"packagingLabelCodes":["FOREST_STEWARDSHIP_COUNCIL_LABEL"],"hierarchyPath":[{"id":"Herkku_00000666","name":"Muut mehut","slug":"juomat-1/mehut/muut-mehut","__typename":"HierarchyPathItem"},{"id":"Herkku_00000120","name":"Mehut","slug":"juomat-1/mehut","__typename":"HierarchyPathItem"},{"id":"Herkku_00000005","name":"Juomat","slug":"juomat-1","__typename":"HierarchyPathItem"}],"isGlobalFallback":null,"countryName":{"fi":"Suomi","__typename":"CountryName"}},{"id":"6415130049876","ean":"6415130049876","name":"Marli Vital Appelsiini-mangomehujuoma + ACE-vitamiinit ei lisättyä sokeria 1L","price":2.18,"storeId":725782447,"__typename":"Product","approxPrice":false,"basicQuantityUnit":"KPL","comparisonPrice":2.18,"comparisonUnit":"LTR","consumerPackageSize":null,"consumerPackageUnit":null,"priceUnit":"KPL","quantityMultiplier":1,"brandName":"Marli","slug":"marli-vital-appelsiini-mangomehujuoma-ace-vitamiinit-ei-lisattya-sokeria-1l","isAgeLimitedByAlcohol":false,"frozen":false,"packagingLabels":["FSC-sertifikaatti (Forest Stewardship Council)"],"packagingLabelCodes":["FOREST_STEWARDSHIP_COUNCIL_LABEL"],"hierarchyPath":[{"id":"Herkku_00000666","name":"Muut mehut","slug":"juomat-1/mehut/muut-mehut","__typename":"HierarchyPathItem"},{"id":"Herkku_00000120","name":"Mehut","slug":"juomat-1/mehut","__typename":"HierarchyPathItem"},{"id":"Herkku_00000005","name":"Juomat","slug":"juomat-1","__typename":"HierarchyPathItem"}],"isGlobalFallback":null,"countryName":{"fi":"Suomi","__typename":"CountryName"}},{"id":"6415130050391","ean":"6415130050391","name":"God Morgon Selected Blend Mango-passion täysmehu 1 L","price":2.78,"storeId":725782447,"__typename":"Product","approxPrice":false,"basicQuantityUnit":"KPL","comparisonPrice":2.78,"comparisonUnit":"LTR","consumerPackageSize":null,"consumerPackageUnit":null,"priceUnit":"KPL","quantityMultiplier":1,"brandName":"God Morgon","slug":"god-morgon-selected-blend-mango-passion-taysmehu-1-l","isAgeLimitedByAlcohol":false,"frozen":false,"packagingLabels":["Carbon Neutral"," FSC-sertifikaatti (Forest Stewardship Council)"],"packagingLabelCodes":["CARBON_NEUTRAL"," FOREST_STEWARDSHIP_COUNCIL_LABEL"],"hierarchyPath":[{"id":"Herkku_00000658","name":"Muut hedelmämehut","slug":"juomat-1/mehut/muut-hedelmamehut","__typename":"HierarchyPathItem"},{"id":"Herkku_00000120","name":"Mehut","slug":"juomat-1/mehut","__typename":"HierarchyPathItem"},{"id":"Herkku_00000005","name":"Juomat","slug":"juomat-1","__typename":"HierarchyPathItem"}],"isGlobalFallback":null,"countryName":{"fi":"Suomi","__typename":"CountryName"}},{"id":"6415130050506","ean":"6415130050506","name":"God Morgon Classic Omenatäysmehu 100% 1 L","price":2.65,"storeId":725782447,"__typename":"Product","approxPrice":false,"basicQuantityUnit":"KPL","comparisonPrice":2.65,"comparisonUnit":"LTR","consumerPackageSize":null,"consumerPackageUnit":null,"priceUnit":"KPL","quantityMultiplier":1,"brandName":"God Morgon","slug":"god-morgon-classic-omenataysmehu-100-1-l","isAgeLimitedByAlcohol":false,"frozen":false,"packagingLabels":["European Vegetarian Union"," FSC-sertifikaatti (Forest Stewardship Council)"],"packagingLabelCodes":["EUROPEAN_VEGETARIAN_UNION"," FOREST_STEWARDSHIP_COUNCIL_LABEL"],"hierarchyPath":[{"id":"Herkku_00000655","name":"Omenamehut","slug":"juomat-1/mehut/omenamehut","__typename":"HierarchyPathItem"},{"id":"Herkku_00000120","name":"Mehut","slug":"juomat-1/mehut","__typename":"HierarchyPathItem"},{"id":"Herkku_00000005","name":"Juomat","slug":"juomat-1","__typename":"HierarchyPathItem"}],"isGlobalFallback":null,"countryName":{"fi":"Suomi","__typename":"CountryName"}},{"id":"6415130072539","ean":"6415130072539","name":"Mehukatti BanaaniMix Hedelmävälipala 4x90g","price":3.49,"storeId":725782447,"__typename":"Product","approxPrice":false,"basicQuantityUnit":"KPL","comparisonPrice":9.69,"comparisonUnit":"KGM","consumerPackageSize":null,"consumerPackageUnit":null,"priceUnit":"KPL","quantityMultiplier":1,"brandName":"Mehukatti","slug":"mehukatti-banaanimix-hedelmavalipala-4x90g","isAgeLimitedByAlcohol":false,"frozen":false,"packagingLabels":[],"packagingLabelCodes":[],"hierarchyPath":[{"id":"Herkku_00000459","name":"Muut valmiit jälkiruoat","slug":"kuivatuotteet-ja-leivonta-1/jalkiruoat/muut-valmiit-jalkiruoat","__typename":"HierarchyPathItem"},{"id":"Herkku_00000085","name":"Jälkiruoat","slug":"kuivatuotteet-ja-leivonta-1/jalkiruoat","__typename":"HierarchyPathItem"},{"id":"Herkku_00000007","name":"Kuivatuotteet ja leivonta","slug":"kuivatuotteet-ja-leivonta-1","__typename":"HierarchyPathItem"}],"isGlobalFallback":null,"countryName":{"fi":"Unkari","__typename":"CountryName"}},{"id":"6415130078517","ean":"6415130078517","name":"Marli Glögitiiviste 1+3 0,5L","price":4.59,"storeId":725782447,"__typename":"Product","approxPrice":false,"basicQuantityUnit":"KPL","comparisonPrice":8.98,"comparisonUnit":"LTR","consumerPackageSize":null,"consumerPackageUnit":null,"priceUnit":"KPL","quantityMultiplier":1,"brandName":"Marli","slug":"marli-glogitiiviste-13-0-5l","isAgeLimitedByAlcohol":false,"frozen":false,"packagingLabels":[],"packagingLabelCodes":[],"hierarchyPath":[{"id":"1591691224561860","name":"Kausijuomat","slug":"juomat-1/kausijuomat","__typename":"HierarchyPathItem"},{"id":"Herkku_00000005","name":"Juomat","slug":"juomat-1","__typename":"HierarchyPathItem"}],"isGlobalFallback":null,"countryName":{"fi":"Suomi","__typename":"CountryName"}},{"id":"6415130086062","ean":"6415130086062","name":"Mehukatti TRIP Appelsiinijuoma 2dl 3-pack","price":1.53,"storeId":725782447,"__typename":"Product","approxPrice":false,"basicQuantityUnit":"KPL","comparisonPrice":2.55,"comparisonUnit":"LTR","consumerPackageSize":null,"consumerPackageUnit":null,"priceUnit":"KPL","quantityMultiplier":1,"brandName":"Trip","slug":"mehukatti-trip-appelsiinijuoma-2dl-3-pack","isAgeLimitedByAlcohol":false,"frozen":false,"packagingLabels":["FSC-sertifikaatti (Forest Stewardship Council)"],"packagingLabelCodes":["FOREST_STEWARDSHIP_COUNCIL_LABEL"],"hierarchyPath":[{"id":"Herkku_00000665","name":"Appelsiinimehut","slug":"juomat-1/mehut/appelsiinimehut","__typename":"HierarchyPathItem"},{"id":"Herkku_00000120","name":"Mehut","slug":"juomat-1/mehut","__typename":"HierarchyPathItem"},{"id":"Herkku_00000005","name":"Juomat","slug":"juomat-1","__typename":"HierarchyPathItem"}],"isGlobalFallback":null,"countryName":{"fi":"Suomi","__typename":"CountryName"}},{"id":"6415130086079","ean":"6415130086079","name":"Mehukatti TRIP Päärynämehujuoma 2dl 3-pack","price":1.53,"storeId":725782447,"__typename":"Product","approxPrice":false,"basicQuantityUnit":"KPL","comparisonPrice":2.55,"comparisonUnit":"LTR","consumerPackageSize":null,"consumerPackageUnit":null,"priceUnit":"KPL","quantityMultiplier":1,"brandName":"Trip","slug":"mehukatti-trip-paarynamehujuoma-2dl-3-pack","isAgeLimitedByAlcohol":false,"frozen":false,"packagingLabels":["FSC-sertifikaatti (Forest Stewardship Council)"],"packagingLabelCodes":["FOREST_STEWARDSHIP_COUNCIL_LABEL"],"hierarchyPath":[{"id":"Herkku_00000658","name":"Muut hedelmämehut","slug":"juomat-1/mehut/muut-hedelmamehut","__typename":"HierarchyPathItem"},{"id":"Herkku_00000120","name":"Mehut","slug":"juomat-1/mehut","__typename":"HierarchyPathItem"},{"id":"Herkku_00000005","name":"Juomat","slug":"juomat-1","__typename":"HierarchyPathItem"}],"isGlobalFallback":null,"countryName":{"fi":"Suomi","__typename":"CountryName"}},{"id":"6415130086093","ean":"6415130086093","name":"Mehukatti TRIP Vadelmamehujuoma 2dl 3-pack","price":1.53,"storeId":725782447,"__typename":"Product","approxPrice":false,"basicQuantityUnit":"KPL","comparisonPrice":2.55,"comparisonUnit":"LTR","consumerPackageSize":null,"consumerPackageUnit":null,"priceUnit":"KPL","quantityMultiplier":1,"brandName":"Trip","slug":"mehukatti-trip-vadelmamehujuoma-2dl-3-pack","isAgeLimitedByAlcohol":false,"frozen":false,"packagingLabels":["FSC-sertifikaatti (Forest Stewardship Council)"],"packagingLabelCodes":["FOREST_STEWARDSHIP_COUNCIL_LABEL"],"hierarchyPath":[{"id":"Herkku_00000666","name":"Muut mehut","slug":"juomat-1/mehut/muut-mehut","__typename":"HierarchyPathItem"},{"id":"Herkku_00000120","name":"Mehut","slug":"juomat-1/mehut","__typename":"HierarchyPathItem"},{"id":"Herkku_00000005","name":"Juomat","slug":"juomat-1","__typename":"HierarchyPathItem"}],"isGlobalFallback":null,"countryName":{"fi":"Suomi","__typename":"CountryName"}},{"id":"6415130086307","ean":"6415130086307","name":"Marli Natur Makeampi Appelsiinitäysmehu 2dl","price":0.83,"storeId":725782447,"__typename":"Product","approxPrice":false,"basicQuantityUnit":"KPL","comparisonPrice":4.15,"comparisonUnit":"LTR","consumerPackageSize":null,"consumerPackageUnit":null,"priceUnit":"KPL","quantityMultiplier":1,"brandName":"Marli","slug":"marli-natur-makeampi-appelsiinitaysmehu-2dl","isAgeLimitedByAlcohol":false,"frozen":false,"packagingLabels":["FSC-sertifikaatti (Forest Stewardship Council)"],"packagingLabelCodes":["FOREST_STEWARDSHIP_COUNCIL_LABEL"],"hierarchyPath":[{"id":"Herkku_00000665","name":"Appelsiinimehut","slug":"juomat-1/mehut/appelsiinimehut","__typename":"HierarchyPathItem"},{"id":"Herkku_00000120","name":"Mehut","slug":"juomat-1/mehut","__typename":"HierarchyPathItem"},{"id":"Herkku_00000005","name":"Juomat","slug":"juomat-1","__typename":"HierarchyPathItem"}],"isGlobalFallback":null,"countryName":{"fi":"Suomi","__typename":"CountryName"}},{"id":"6415130089827","ean":"6415130089827","name":"God Morgon Classic Omenatäysmehu 100% 250 ml","price":1.2,"storeId":725782447,"__typename":"Product","approxPrice":false,"basicQuantityUnit":"KPL","comparisonPrice":4.8,"comparisonUnit":"LTR","consumerPackageSize":null,"consumerPackageUnit":null,"priceUnit":"KPL","quantityMultiplier":1,"brandName":"God Morgon","slug":"god-morgon-classic-omenataysmehu-100-250-ml","isAgeLimitedByAlcohol":false,"frozen":false,"packagingLabels":["FSC-sertifikaatti (Forest Stewardship Council)"," Kierrätysmerkki"],"packagingLabelCodes":["FOREST_STEWARDSHIP_COUNCIL_LABEL"," RECYCLABLE_GENERAL_CLAIM"],"hierarchyPath":[{"id":"Herkku_00000655","name":"Omenamehut","slug":"juomat-1/mehut/omenamehut","__typename":"HierarchyPathItem"},{"id":"Herkku_00000120","name":"Mehut","slug":"juomat-1/mehut","__typename":"HierarchyPathItem"},{"id":"Herkku_00000005","name":"Juomat","slug":"juomat-1","__typename":"HierarchyPathItem"}],"isGlobalFallback":null,"countryName":{"fi":"Suomi","__typename":"CountryName"}},{"id":"6415130089834","ean":"6415130089834","name":"God Morgon Classic Appelsiinitäysmehu 100% 250 ml","price":1.2,"storeId":725782447,"__typename":"Product","approxPrice":false,"basicQuantityUnit":"KPL","comparisonPrice":4.8,"comparisonUnit":"LTR","consumerPackageSize":null,"consumerPackageUnit":null,"priceUnit":"KPL","quantityMultiplier":1,"brandName":"God Morgon","slug":"god-morgon-classic-appelsiinitaysmehu-100-250-ml","isAgeLimitedByAlcohol":false,"frozen":false,"packagingLabels":["FSC-sertifikaatti (Forest Stewardship Council)"," Kierrätysmerkki"],"packagingLabelCodes":["FOREST_STEWARDSHIP_COUNCIL_LABEL"," RECYCLABLE_GENERAL_CLAIM"],"hierarchyPath":[{"id":"Herkku_00000665","name":"Appelsiinimehut","slug":"juomat-1/mehut/appelsiinimehut","__typename":"HierarchyPathItem"},{"id":"Herkku_00000120","name":"Mehut","slug":"juomat-1/mehut","__typename":"HierarchyPathItem"},{"id":"Herkku_00000005","name":"Juomat","slug":"juomat-1","__typename":"HierarchyPathItem"}],"isGlobalFallback":null,"countryName":{"fi":"Suomi","__typename":"CountryName"}},{"id":"6415131402311","ean":"6415131402311","name":"Mehukatti Trip Appelsiinimehujuoma 2dl","price":0.49,"storeId":725782447,"__typename":"Product","approxPrice":false,"basicQuantityUnit":"KPL","comparisonPrice":2.45,"comparisonUnit":"LTR","consumerPackageSize":null,"consumerPackageUnit":null,"priceUnit":"KPL","quantityMultiplier":1,"brandName":"Mehukatti","slug":"mehukatti-trip-appelsiinimehujuoma-2dl","isAgeLimitedByAlcohol":false,"frozen":false,"packagingLabels":["FSC-sertifikaatti (Forest Stewardship Council)"],"packagingLabelCodes":["FOREST_STEWARDSHIP_COUNCIL_LABEL"],"hierarchyPath":[{"id":"Herkku_00000665","name":"Appelsiinimehut","slug":"juomat-1/mehut/appelsiinimehut","__typename":"HierarchyPathItem"},{"id":"Herkku_00000120","name":"Mehut","slug":"juomat-1/mehut","__typename":"HierarchyPathItem"},{"id":"Herkku_00000005","name":"Juomat","slug":"juomat-1","__typename":"HierarchyPathItem"}],"isGlobalFallback":null,"countryName":{"fi":"Suomi","__typename":"CountryName"}},{"id":"6415131402328","ean":"6415131402328","name":"Mehukatti Trip Päärynämehujuoma 2dl","price":0.49,"storeId":725782447,"__typename":"Product","approxPrice":false,"basicQuantityUnit":"KPL","comparisonPrice":2.45,"comparisonUnit":"LTR","consumerPackageSize":null,"consumerPackageUnit":null,"priceUnit":"KPL","quantityMultiplier":1,"brandName":"Mehukatti","slug":"mehukatti-trip-paarynamehujuoma-2dl","isAgeLimitedByAlcohol":false,"frozen":false,"packagingLabels":["FSC-sertifikaatti (Forest Stewardship Council)"],"packagingLabelCodes":["FOREST_STEWARDSHIP_COUNCIL_LABEL"],"hierarchyPath":[{"id":"Herkku_00000658","name":"Muut hedelmämehut","slug":"juomat-1/mehut/muut-hedelmamehut","__typename":"HierarchyPathItem"},{"id":"Herkku_00000120","name":"Mehut","slug":"juomat-1/mehut","__typename":"HierarchyPathItem"},{"id":"Herkku_00000005","name":"Juomat","slug":"juomat-1","__typename":"HierarchyPathItem"}],"isGlobalFallback":null,"countryName":null},{"id":"6415131402342","ean":"6415131402342","name":"Mehukatti Trip Vadelmamehujuoma 2dl","price":0.49,"storeId":725782447,"__typename":"Product","approxPrice":false,"basicQuantityUnit":"KPL","comparisonPrice":2.45,"comparisonUnit":"LTR","consumerPackageSize":null,"consumerPackageUnit":null,"priceUnit":"KPL","quantityMultiplier":1,"brandName":"Mehukatti","slug":"mehukatti-trip-vadelmamehujuoma-2dl","isAgeLimitedByAlcohol":false,"frozen":false,"packagingLabels":["FSC-sertifikaatti (Forest Stewardship Council)"],"packagingLabelCodes":["FOREST_STEWARDSHIP_COUNCIL_LABEL"],"hierarchyPath":[{"id":"Herkku_00000666","name":"Muut mehut","slug":"juomat-1/mehut/muut-mehut","__typename":"HierarchyPathItem"},{"id":"Herkku_00000120","name":"Mehut","slug":"juomat-1/mehut","__typename":"HierarchyPathItem"},{"id":"Herkku_00000005","name":"Juomat","slug":"juomat-1","__typename":"HierarchyPathItem"}],"isGlobalFallback":null,"countryName":null},{"id":"6415131404322","ean":"6415131404322","name":"Mehukatti Sekamehujuomatiiviste 1+3 1,5L","price":4.85,"storeId":725782447,"__typename":"Product","approxPrice":false,"basicQuantityUnit":"KPL","comparisonPrice":3.23,"comparisonUnit":"LTR","consumerPackageSize":null,"consumerPackageUnit":null,"priceUnit":"KPL","quantityMultiplier":1,"brandName":"Mehukatti","slug":"mehukatti-sekamehujuomatiiviste-13-1-5l","isAgeLimitedByAlcohol":false,"frozen":false,"packagingLabels":["Avainlippu"],"packagingLabelCodes":["MADE_IN_FINLAND_FLAG_WITH_KEY"],"hierarchyPath":[{"id":"Herkku_00000652","name":"Mehutiivisteet","slug":"juomat-1/mehut/mehutiivisteet","__typename":"HierarchyPathItem"},{"id":"Herkku_00000120","name":"Mehut","slug":"juomat-1/mehut","__typename":"HierarchyPathItem"},{"id":"Herkku_00000005","name":"Juomat","slug":"juomat-1","__typename":"HierarchyPathItem"}],"isGlobalFallback":null,"countryName":{"fi":"Suomi","__typename":"CountryName"}},{"id":"6415131412211","ean":"6415131412211","name":"Mehukatti Trip sokeriton Mansikka-vadelmamehujuoma 2dl","price":0.45,"storeId":725782447,"__typename":"Product","approxPrice":false,"basicQuantityUnit":"KPL","comparisonPrice":2.25,"comparisonUnit":"LTR","consumerPackageSize":null,"consumerPackageUnit":null,"priceUnit":"KPL","quantityMultiplier":1,"brandName":"Mehukatti","slug":"mehukatti-trip-sokeriton-mansikka-vadelmamehujuoma-2dl","isAgeLimitedByAlcohol":false,"frozen":false,"packagingLabels":["FSC-sertifikaatti (Forest Stewardship Council)"],"packagingLabelCodes":["FOREST_STEWARDSHIP_COUNCIL_LABEL"],"hierarchyPath":[{"id":"Herkku_00000666","name":"Muut mehut","slug":"juomat-1/mehut/muut-mehut","__typename":"HierarchyPathItem"},{"id":"Herkku_00000120","name":"Mehut","slug":"juomat-1/mehut","__typename":"HierarchyPathItem"},{"id":"Herkku_00000005","name":"Juomat","slug":"juomat-1","__typename":"HierarchyPathItem"}],"isGlobalFallback":null,"countryName":null},{"id":"6415131418541","ean":"6415131418541","name":"Mehukatti hedelmämix hedelmävälipala 4x90g","price":3.49,"storeId":725782447,"__typename":"Product","approxPrice":false,"basicQuantityUnit":"KPL","comparisonPrice":9.69,"comparisonUnit":"KGM","consumerPackageSize":null,"consumerPackageUnit":null,"priceUnit":"KPL","quantityMultiplier":1,"brandName":"Mehukatti","slug":"mehukatti-hedelmamix-hedelmavalipala-4x90g","isAgeLimitedByAlcohol":false,"frozen":false,"packagingLabels":[],"packagingLabelCodes":[],"hierarchyPath":[{"id":"Herkku_00000459","name":"Muut valmiit jälkiruoat","slug":"kuivatuotteet-ja-leivonta-1/jalkiruoat/muut-valmiit-jalkiruoat","__typename":"HierarchyPathItem"},{"id":"Herkku_00000085","name":"Jälkiruoat","slug":"kuivatuotteet-ja-leivonta-1/jalkiruoat","__typename":"HierarchyPathItem"},{"id":"Herkku_00000007","name":"Kuivatuotteet ja leivonta","slug":"kuivatuotteet-ja-leivonta-1","__typename":"HierarchyPathItem"}],"isGlobalFallback":null,"countryName":{"fi":"Unkari","__typename":"CountryName"}},{"id":"6415131418565","ean":"6415131418565","name":"Mehukatti päärynä hedelmävälipala 4x90g","price":3.49,"storeId":725782447,"__typename":"Product","approxPrice":false,"basicQuantityUnit":"KPL","comparisonPrice":9.69,"comparisonUnit":"KGM","consumerPackageSize":null,"consumerPackageUnit":null,"priceUnit":"KPL","quantityMultiplier":1,"brandName":"Mehukatti","slug":"mehukatti-paaryna-hedelmavalipala-4x90g","isAgeLimitedByAlcohol":false,"frozen":false,"packagingLabels":[],"packagingLabelCodes":[],"hierarchyPath":[{"id":"Herkku_00000459","name":"Muut valmiit jälkiruoat","slug":"kuivatuotteet-ja-leivonta-1/jalkiruoat/muut-valmiit-jalkiruoat","__typename":"HierarchyPathItem"},{"id":"Herkku_00000085","name":"Jälkiruoat","slug":"kuivatuotteet-ja-leivonta-1/jalkiruoat","__typename":"HierarchyPathItem"},{"id":"Herkku_00000007","name":"Kuivatuotteet ja leivonta","slug":"kuivatuotteet-ja-leivonta-1","__typename":"HierarchyPathItem"}],"isGlobalFallback":null,"countryName":{"fi":"Unkari","__typename":"CountryName"}},{"id":"6415131418589","ean":"6415131418589","name":"Mehukatti mustikka-vadelma hedelmävälipala 4x90g","price":3.49,"storeId":725782447,"__typename":"Product","approxPrice":false,"basicQuantityUnit":"KPL","comparisonPrice":9.69,"comparisonUnit":"KGM","consumerPackageSize":null,"consumerPackageUnit":null,"priceUnit":"KPL","quantityMultiplier":1,"brandName":"Mehukatti","slug":"mehukatti-mustikka-vadelma-hedelmavalipala-4x90g","isAgeLimitedByAlcohol":false,"frozen":false,"packagingLabels":[],"packagingLabelCodes":[],"hierarchyPath":[{"id":"Herkku_00000459","name":"Muut valmiit jälkiruoat","slug":"kuivatuotteet-ja-leivonta-1/jalkiruoat/muut-valmiit-jalkiruoat","__typename":"HierarchyPathItem"},{"id":"Herkku_00000085","name":"Jälkiruoat","slug":"kuivatuotteet-ja-leivonta-1/jalkiruoat","__typename":"HierarchyPathItem"},{"id":"Herkku_00000007","name":"Kuivatuotteet ja leivonta","slug":"kuivatuotteet-ja-leivonta-1","__typename":"HierarchyPathItem"}],"isGlobalFallback":null,"countryName":{"fi":"Unkari","__typename":"CountryName"}},{"id":"6415350001333","ean":"6415350001333","name":"Sipuli luomu 500 g I Suomi","price":1.99,"storeId":725782447,"__typename":"Product","approxPrice":false,"basicQuantityUnit":"KPL","comparisonPrice":3.98,"comparisonUnit":"KGM","consumerPackageSize":null,"consumerPackageUnit":null,"priceUnit":"KPL","quantityMultiplier":1,"brandName":null,"slug":"sipuli-luomu-500-g-i-suomi","isAgeLimitedByAlcohol":false,"frozen":false,"packagingLabels":[],"packagingLabelCodes":[],"hierarchyPath":[{"id":"StructureGroup_507756644246826","name":"Sipulit","slug":"hedelmat-ja-vihannekset-1/vihannekset/sipulit","__typename":"HierarchyPathItem"},{"id":"Herkku_00000023","name":"Vihannekset","slug":"hedelmat-ja-vihannekset-1/vihannekset","__typename":"HierarchyPathItem"},{"id":"Herkku_00000001","name":"Hedelmät ja vihannekset","slug":"hedelmat-ja-vihannekset-1","__typename":"HierarchyPathItem"}],"isGlobalFallback":null,"countryName":{"fi":"Suomi","__typename":"CountryName"}},{"id":"6415350002156","ean":"6415350002156","name":"Luomu kirsikkatomaatti 250 g","price":6.69,"storeId":725782447,"__typename":"Product","approxPrice":false,"basicQuantityUnit":"KPL","comparisonPrice":26.76,"comparisonUnit":"KGM","consumerPackageSize":null,"consumerPackageUnit":null,"priceUnit":"KPL","quantityMultiplier":1,"brandName":null,"slug":"luomu-kirsikkatomaatti-250-g","isAgeLimitedByAlcohol":false,"frozen":false,"packagingLabels":["EU:n luomutunnus (lehti)"],"packagingLabelCodes":["EU_ORGANIC_FARMING"],"hierarchyPath":[{"id":"Herkku_00000203","name":"Tomaatit","slug":"hedelmat-ja-vihannekset-1/vihannekset/tomaatit","__typename":"HierarchyPathItem"},{"id":"Herkku_00000023","name":"Vihannekset","slug":"hedelmat-ja-vihannekset-1/vihannekset","__typename":"HierarchyPathItem"},{"id":"Herkku_00000001","name":"Hedelmät ja vihannekset","slug":"hedelmat-ja-vihannekset-1","__typename":"HierarchyPathItem"}],"isGlobalFallback":null,"countryName":{"fi":"Suomi","__typename":"CountryName"}},{"id":"6415350005676","ean":"6415350005676","name":"Kevätsipuli 100g Suomi","price":2.58,"storeId":725782447,"__typename":"Product","approxPrice":false,"basicQuantityUnit":"KPL","comparisonPrice":25.8,"comparisonUnit":"KGM","consumerPackageSize":null,"consumerPackageUnit":null,"priceUnit":"KPL","quantityMultiplier":1,"brandName":null,"slug":"kevatsipuli-100g-suomi","isAgeLimitedByAlcohol":false,"frozen":false,"packagingLabels":[],"packagingLabelCodes":[],"hierarchyPath":[{"id":"StructureGroup_507756644246826","name":"Sipulit","slug":"hedelmat-ja-vihannekset-1/vihannekset/sipulit","__typename":"HierarchyPathItem"},{"id":"Herkku_00000023","name":"Vihannekset","slug":"hedelmat-ja-vihannekset-1/vihannekset","__typename":"HierarchyPathItem"},{"id":"Herkku_00000001","name":"Hedelmät ja vihannekset","slug":"hedelmat-ja-vihannekset-1","__typename":"HierarchyPathItem"}],"isGlobalFallback":null,"countryName":{"fi":"Suomi","__typename":"CountryName"}},{"id":"6415350012605","ean":"6415350012605","name":"Makea friseesalaatti 100g 1lk","price":1.85,"storeId":725782447,"__typename":"Product","approxPrice":false,"basicQuantityUnit":"KPL","comparisonPrice":18.5,"comparisonUnit":"KGM","consumerPackageSize":null,"consumerPackageUnit":null,"priceUnit":"KPL","quantityMultiplier":1,"brandName":null,"slug":"makea-friseesalaatti-100g-1lk","isAgeLimitedByAlcohol":false,"frozen":false,"packagingLabels":[],"packagingLabelCodes":[],"hierarchyPath":[{"id":"Herkku_00000208","name":"Salaatit","slug":"hedelmat-ja-vihannekset-1/vihannekset/salaatit","__typename":"HierarchyPathItem"},{"id":"Herkku_00000023","name":"Vihannekset","slug":"hedelmat-ja-vihannekset-1/vihannekset","__typename":"HierarchyPathItem"},{"id":"Herkku_00000001","name":"Hedelmät ja vihannekset","slug":"hedelmat-ja-vihannekset-1","__typename":"HierarchyPathItem"}],"isGlobalFallback":null,"countryName":{"fi":"Suomi","__typename":"CountryName"}},{"id":"6415400080004","ean":"6415400080004","name":"Havu Mäntysuopaliuos 1L yleispuhdistusaine","price":2.69,"storeId":725782447,"__typename":"Product","approxPrice":false,"basicQuantityUnit":"KPL","comparisonPrice":2.69,"comparisonUnit":"LTR","consumerPackageSize":null,"consumerPackageUnit":null,"priceUnit":"KPL","quantityMultiplier":1,"brandName":"Havu","slug":"havu-mantysuopaliuos-1l-yleispuhdistusaine","isAgeLimitedByAlcohol":false,"frozen":false,"packagingLabels":["AISE"," Pohjoismainen ympäristömerkki (Joutsen)"],"packagingLabelCodes":["AISE"," SVANEN"],"hierarchyPath":[{"id":"1591691234596338","name":"Yleispuhdistusaineet","slug":"kodinhoito-ja-taloustarvikkeet/siivous-ja-puhdistusaineet/yleispuhdistusaineet","__typename":"HierarchyPathItem"},{"id":"1591691234596327","name":"Siivous ja puhdistusaineet","slug":"kodinhoito-ja-taloustarvikkeet/siivous-ja-puhdistusaineet","__typename":"HierarchyPathItem"},{"id":"1591691234596256","name":"Kodinhoito ja taloustarvikkeet","slug":"kodinhoito-ja-taloustarvikkeet","__typename":"HierarchyPathItem"}],"isGlobalFallback":null,"countryName":{"fi":"Tanska","__typename":"CountryName"}},{"id":"6415409200694","ean":"6415409200694","name":"Tolu 1L Mänty yleispuhdistusaine","price":4.35,"storeId":725782447,"__typename":"Product","approxPrice":false,"basicQuantityUnit":"KPL","comparisonPrice":4.35,"comparisonUnit":"LTR","consumerPackageSize":null,"consumerPackageUnit":null,"priceUnit":"KPL","quantityMultiplier":1,"brandName":"Tolu","slug":"tolu-1l-manty-yleispuhdistusaine","isAgeLimitedByAlcohol":false,"frozen":false,"packagingLabels":["AISE"],"packagingLabelCodes":["AISE"],"hierarchyPath":[{"id":"1591691234596338","name":"Yleispuhdistusaineet","slug":"kodinhoito-ja-taloustarvikkeet/siivous-ja-puhdistusaineet/yleispuhdistusaineet","__typename":"HierarchyPathItem"},{"id":"1591691234596327","name":"Siivous ja puhdistusaineet","slug":"kodinhoito-ja-taloustarvikkeet/siivous-ja-puhdistusaineet","__typename":"HierarchyPathItem"},{"id":"1591691234596256","name":"Kodinhoito ja taloustarvikkeet","slug":"kodinhoito-ja-taloustarvikkeet","__typename":"HierarchyPathItem"}],"isGlobalFallback":null,"countryName":{"fi":"Tanska","__typename":"CountryName"}},{"id":"6415600000352","ean":"6415600000352","name":"Karhu Lager olut 4,6% tölkki 0,568 L","price":3.79,"storeId":725782447,"__typename":"Product","approxPrice":false,"basicQuantityUnit":"KPL","comparisonPrice":6.41,"comparisonUnit":"LTR","consumerPackageSize":null,"consumerPackageUnit":null,"priceUnit":"KPL","quantityMultiplier":1,"brandName":"Karhu","slug":"karhu-lager-olut-4-6-tolkki-0-568-l","isAgeLimitedByAlcohol":true,"frozen":false,"packagingLabels":[],"packagingLabelCodes":[],"hierarchyPath":[{"id":"Herkku_00000818","name":"Vaalea lager olut","slug":"juomat-1/oluet/vaalea-lager-olut","__typename":"HierarchyPathItem"},{"id":"Herkku_00000135","name":"Oluet","slug":"juomat-1/oluet","__typename":"HierarchyPathItem"},{"id":"Herkku_00000005","name":"Juomat","slug":"juomat-1","__typename":"HierarchyPathItem"}],"isGlobalFallback":null,"countryName":{"fi":"Suomi","__typename":"CountryName"}},{"id":"6415600002806","ean":"6415600002806","name":"8-pack Karhu Lager olut 4,6% tölkki 0,33 L","price":15.04,"storeId":725782447,"__typename":"Product","approxPrice":false,"basicQuantityUnit":"KPL","comparisonPrice":5.24,"comparisonUnit":"LTR","consumerPackageSize":null,"consumerPackageUnit":null,"priceUnit":"KPL","quantityMultiplier":1,"brandName":"Karhu","slug":"8-pack-karhu-lager-olut-4-6-tolkki-0-33-l","isAgeLimitedByAlcohol":true,"frozen":false,"packagingLabels":[],"packagingLabelCodes":[],"hierarchyPath":[{"id":"Herkku_00000818","name":"Vaalea lager olut","slug":"juomat-1/oluet/vaalea-lager-olut","__typename":"HierarchyPathItem"},{"id":"Herkku_00000135","name":"Oluet","slug":"juomat-1/oluet","__typename":"HierarchyPathItem"},{"id":"Herkku_00000005","name":"Juomat","slug":"juomat-1","__typename":"HierarchyPathItem"}],"isGlobalFallback":null,"countryName":{"fi":"Suomi","__typename":"CountryName"}},{"id":"6415600020909","ean":"6415600020909","name":"Crowmoor Dry Apple 4,7% tölkki siideri 0,5 L","price":3.9899999999999998,"storeId":725782447,"__typename":"Product","approxPrice":false,"basicQuantityUnit":"KPL","comparisonPrice":7.68,"comparisonUnit":"LTR","consumerPackageSize":null,"consumerPackageUnit":null,"priceUnit":"KPL","quantityMultiplier":1,"brandName":"Crowmoor","slug":"crowmoor-dry-apple-4-7-tolkki-siideri-0-5-l","isAgeLimitedByAlcohol":true,"frozen":false,"packagingLabels":[],"packagingLabelCodes":[],"hierarchyPath":[{"id":"1591691240635057","name":"Omenasiiderit","slug":"juomat-1/siiderit/omenasiiderit","__typename":"HierarchyPathItem"},{"id":"Herkku_00000133","name":"Siiderit","slug":"juomat-1/siiderit","__typename":"HierarchyPathItem"},{"id":"Herkku_00000005","name":"Juomat","slug":"juomat-1","__typename":"HierarchyPathItem"}],"isGlobalFallback":null,"countryName":{"fi":"Suomi","__typename":"CountryName"}},{"id":"6415600021678","ean":"6415600021678","name":"Karhu Lager olut 5,3% tölkki 0,33 L","price":2.1999999999999997,"storeId":725782447,"__typename":"Product","approxPrice":false,"basicQuantityUnit":"KPL","comparisonPrice":6.21,"comparisonUnit":"LTR","consumerPackageSize":null,"consumerPackageUnit":null,"priceUnit":"KPL","quantityMultiplier":1,"brandName":"Karhu","slug":"karhu-lager-olut-5-3-tolkki-0-33-l","isAgeLimitedByAlcohol":true,"frozen":false,"packagingLabels":[],"packagingLabelCodes":[],"hierarchyPath":[{"id":"Herkku_00000818","name":"Vaalea lager olut","slug":"juomat-1/oluet/vaalea-lager-olut","__typename":"HierarchyPathItem"},{"id":"Herkku_00000135","name":"Oluet","slug":"juomat-1/oluet","__typename":"HierarchyPathItem"},{"id":"Herkku_00000005","name":"Juomat","slug":"juomat-1","__typename":"HierarchyPathItem"}],"isGlobalFallback":null,"countryName":{"fi":"Suomi","__typename":"CountryName"}},{"id":"6415600025300","ean":"6415600025300","name":"Battery energiajuoma tölkki 0,33 L","price":2.85,"storeId":725782447,"__typename":"Product","approxPrice":false,"basicQuantityUnit":"KPL","comparisonPrice":8.18,"comparisonUnit":"LTR","consumerPackageSize":null,"consumerPackageUnit":null,"priceUnit":"KPL","quantityMultiplier":1,"brandName":"Battery","slug":"battery-energiajuoma-tolkki-0-33-l","isAgeLimitedByAlcohol":false,"frozen":false,"packagingLabels":[],"packagingLabelCodes":[],"hierarchyPath":[{"id":"1591691224561835","name":"Energiajuomat","slug":"juomat-1/energiajuomat-ja-urheilujuomat/energiajuomat","__typename":"HierarchyPathItem"},{"id":"1591691224561833","name":"Energiajuomat ja urheilujuomat","slug":"juomat-1/energiajuomat-ja-urheilujuomat","__typename":"HierarchyPathItem"},{"id":"Herkku_00000005","name":"Juomat","slug":"juomat-1","__typename":"HierarchyPathItem"}],"isGlobalFallback":null,"countryName":{"fi":"Suomi","__typename":"CountryName"}},{"id":"6415600080484","ean":"6415600080484","name":"6-pack Karhu Lager olut 4,6% tölkki 0,5 L","price":14.22,"storeId":725782447,"__typename":"Product","approxPrice":false,"basicQuantityUnit":"KPL","comparisonPrice":4.44,"comparisonUnit":"LTR","consumerPackageSize":null,"consumerPackageUnit":null,"priceUnit":"KPL","quantityMultiplier":1,"brandName":"Karhu","slug":"6-pack-karhu-lager-olut-4-6-tolkki-0-5-l","isAgeLimitedByAlcohol":true,"frozen":false,"packagingLabels":[],"packagingLabelCodes":[],"hierarchyPath":[{"id":"Herkku_00000818","name":"Vaalea lager olut","slug":"juomat-1/oluet/vaalea-lager-olut","__typename":"HierarchyPathItem"},{"id":"Herkku_00000135","name":"Oluet","slug":"juomat-1/oluet","__typename":"HierarchyPathItem"},{"id":"Herkku_00000005","name":"Juomat","slug":"juomat-1","__typename":"HierarchyPathItem"}],"isGlobalFallback":null,"countryName":{"fi":"Suomi","__typename":"CountryName"}},{"id":"6415600501569","ean":"6415600501569","name":"Crowmoor Extra Dry 50 cl tlk 4,7 % siideri","price":3.9899999999999998,"storeId":725782447,"__typename":"Product","approxPrice":false,"basicQuantityUnit":"KPL","comparisonPrice":7.68,"comparisonUnit":"LTR","consumerPackageSize":null,"consumerPackageUnit":null,"priceUnit":"KPL","quantityMultiplier":1,"brandName":"Crowmoor","slug":"crowmoor-extra-dry-50-cl-tlk-4-7-siideri","isAgeLimitedByAlcohol":true,"frozen":false,"packagingLabels":[],"packagingLabelCodes":[],"hierarchyPath":[{"id":"1591691240635057","name":"Omenasiiderit","slug":"juomat-1/siiderit/omenasiiderit","__typename":"HierarchyPathItem"},{"id":"Herkku_00000133","name":"Siiderit","slug":"juomat-1/siiderit","__typename":"HierarchyPathItem"},{"id":"Herkku_00000005","name":"Juomat","slug":"juomat-1","__typename":"HierarchyPathItem"}],"isGlobalFallback":null,"countryName":{"fi":"Suomi","__typename":"CountryName"}},{"id":"6415600501781","ean":"6415600501781","name":"Coca-Cola virvoitusjuoma muovipullo 0,5 L","price":2.29,"storeId":725782447,"__typename":"Product","approxPrice":false,"basicQuantityUnit":"KPL","comparisonPrice":4.18,"comparisonUnit":"LTR","consumerPackageSize":null,"consumerPackageUnit":null,"priceUnit":"KPL","quantityMultiplier":1,"brandName":"Coca-Cola","slug":"coca-cola-virvoitusjuoma-muovipullo-0-5-l","isAgeLimitedByAlcohol":false,"frozen":false,"packagingLabels":[],"packagingLabelCodes":[],"hierarchyPath":[{"id":"Herkku_00000795","name":"Cola-juomat","slug":"juomat-1/virvoitusjuomat/cola-juomat","__typename":"HierarchyPathItem"},{"id":"Herkku_00000048","name":"Virvoitusjuomat","slug":"juomat-1/virvoitusjuomat","__typename":"HierarchyPathItem"},{"id":"Herkku_00000005","name":"Juomat","slug":"juomat-1","__typename":"HierarchyPathItem"}],"isGlobalFallback":null,"countryName":{"fi":"Suomi","__typename":"CountryName"}},{"id":"6415600501811","ean":"6415600501811","name":"Coca-Cola Original Taste virvoitusjuoma muovipullo 1,5 L","price":3.09,"storeId":725782447,"__typename":"Product","approxPrice":false,"basicQuantityUnit":"KPL","comparisonPrice":1.79,"comparisonUnit":"LTR","consumerPackageSize":null,"consumerPackageUnit":null,"priceUnit":"KPL","quantityMultiplier":1,"brandName":"Coca-Cola","slug":"coca-cola-original-taste-virvoitusjuoma-muovipullo-1-5-l","isAgeLimitedByAlcohol":false,"frozen":false,"packagingLabels":[],"packagingLabelCodes":[],"hierarchyPath":[{"id":"Herkku_00000795","name":"Cola-juomat","slug":"juomat-1/virvoitusjuomat/cola-juomat","__typename":"HierarchyPathItem"},{"id":"Herkku_00000048","name":"Virvoitusjuomat","slug":"juomat-1/virvoitusjuomat","__typename":"HierarchyPathItem"},{"id":"Herkku_00000005","name":"Juomat","slug":"juomat-1","__typename":"HierarchyPathItem"}],"isGlobalFallback":null,"countryName":{"fi":"Suomi","__typename":"CountryName"}},{"id":"6415600501842","ean":"6415600501842","name":"2-pack Coca-Cola Original Taste virvoitusjuoma muovipullo 1,5 L","price":4.35,"storeId":725782447,"__typename":"Product","approxPrice":false,"basicQuantityUnit":"KPL","comparisonPrice":1.18,"comparisonUnit":"LTR","consumerPackageSize":null,"consumerPackageUnit":null,"priceUnit":"KPL","quantityMultiplier":1,"brandName":"Coca-Cola","slug":"2-pack-coca-cola-original-taste-virvoitusjuoma-muovipullo-1-5-l","isAgeLimitedByAlcohol":false,"frozen":false,"packagingLabels":[],"packagingLabelCodes":[],"hierarchyPath":[{"id":"Herkku_00000795","name":"Cola-juomat","slug":"juomat-1/virvoitusjuomat/cola-juomat","__typename":"HierarchyPathItem"},{"id":"Herkku_00000048","name":"Virvoitusjuomat","slug":"juomat-1/virvoitusjuomat","__typename":"HierarchyPathItem"},{"id":"Herkku_00000005","name":"Juomat","slug":"juomat-1","__typename":"HierarchyPathItem"}],"isGlobalFallback":null,"countryName":{"fi":"Suomi","__typename":"CountryName"}},{"id":"6415600502054","ean":"6415600502054","name":"Coca-Cola Zero Sugar virvoitusjuoma muovipullo 0,5 L","price":2.25,"storeId":725782447,"__typename":"Product","approxPrice":false,"basicQuantityUnit":"KPL","comparisonPrice":4.1,"comparisonUnit":"LTR","consumerPackageSize":null,"consumerPackageUnit":null,"priceUnit":"KPL","quantityMultiplier":1,"brandName":"Coca-Cola","slug":"coca-cola-zero-sugar-virvoitusjuoma-muovipullo-0-5-l","isAgeLimitedByAlcohol":false,"frozen":false,"packagingLabels":[],"packagingLabelCodes":[],"hierarchyPath":[{"id":"Herkku_00000795","name":"Cola-juomat","slug":"juomat-1/virvoitusjuomat/cola-juomat","__typename":"HierarchyPathItem"},{"id":"Herkku_00000048","name":"Virvoitusjuomat","slug":"juomat-1/virvoitusjuomat","__typename":"HierarchyPathItem"},{"id":"Herkku_00000005","name":"Juomat","slug":"juomat-1","__typename":"HierarchyPathItem"}],"isGlobalFallback":null,"countryName":{"fi":"Suomi","__typename":"CountryName"}},{"id":"6415600502078","ean":"6415600502078","name":"Coca-Cola Zero Sugar sokeriton virvoitusjuoma muovipullo 1,5 L","price":2.89,"storeId":725782447,"__typename":"Product","approxPrice":false,"basicQuantityUnit":"KPL","comparisonPrice":1.66,"comparisonUnit":"LTR","consumerPackageSize":null,"consumerPackageUnit":null,"priceUnit":"KPL","quantityMultiplier":1,"brandName":"Coca-Cola","slug":"coca-cola-zero-sugar-sokeriton-virvoitusjuoma-muovipullo-1-5-l","isAgeLimitedByAlcohol":false,"frozen":false,"packagingLabels":[],"packagingLabelCodes":[],"hierarchyPath":[{"id":"Herkku_00000795","name":"Cola-juomat","slug":"juomat-1/virvoitusjuomat/cola-juomat","__typename":"HierarchyPathItem"},{"id":"Herkku_00000048","name":"Virvoitusjuomat","slug":"juomat-1/virvoitusjuomat","__typename":"HierarchyPathItem"},{"id":"Herkku_00000005","name":"Juomat","slug":"juomat-1","__typename":"HierarchyPathItem"}],"isGlobalFallback":null,"countryName":{"fi":"Suomi","__typename":"CountryName"}},{"id":"6415600502108","ean":"6415600502108","name":"2-pack Coca-Cola Zero Sugar virvoitusjuoma muovipullo 1,5 L","price":3.45,"storeId":725782447,"__typename":"Product","approxPrice":false,"basicQuantityUnit":"KPL","comparisonPrice":0.88,"comparisonUnit":"LTR","consumerPackageSize":null,"consumerPackageUnit":null,"priceUnit":"KPL","quantityMultiplier":1,"brandName":"Coca-Cola","slug":"2-pack-coca-cola-zero-sugar-virvoitusjuoma-muovipullo-1-5-l","isAgeLimitedByAlcohol":false,"frozen":false,"packagingLabels":[],"packagingLabelCodes":[],"hierarchyPath":[{"id":"Herkku_00000795","name":"Cola-juomat","slug":"juomat-1/virvoitusjuomat/cola-juomat","__typename":"HierarchyPathItem"},{"id":"Herkku_00000048","name":"Virvoitusjuomat","slug":"juomat-1/virvoitusjuomat","__typename":"HierarchyPathItem"},{"id":"Herkku_00000005","name":"Juomat","slug":"juomat-1","__typename":"HierarchyPathItem"}],"isGlobalFallback":null,"countryName":{"fi":"Suomi","__typename":"CountryName"}},{"id":"6415600503044","ean":"6415600503044","name":"Muumi Metsämansikka virvoitusjuoma muovipullo 0,5 L","price":2.45,"storeId":725782447,"__typename":"Product","approxPrice":false,"basicQuantityUnit":"KPL","comparisonPrice":4.5,"comparisonUnit":"LTR","consumerPackageSize":null,"consumerPackageUnit":null,"priceUnit":"KPL","quantityMultiplier":1,"brandName":"Muumi","slug":"muumi-metsamansikka-virvoitusjuoma-muovipullo-0-5-l","isAgeLimitedByAlcohol":false,"frozen":false,"packagingLabels":[],"packagingLabelCodes":[],"hierarchyPath":[{"id":"Herkku_00000797","name":"Muut virvoitusjuomat","slug":"juomat-1/virvoitusjuomat/muut-virvoitusjuomat","__typename":"HierarchyPathItem"},{"id":"Herkku_00000048","name":"Virvoitusjuomat","slug":"juomat-1/virvoitusjuomat","__typename":"HierarchyPathItem"},{"id":"Herkku_00000005","name":"Juomat","slug":"juomat-1","__typename":"HierarchyPathItem"}],"isGlobalFallback":null,"countryName":{"fi":"Suomi","__typename":"CountryName"}},{"id":"6415600503068","ean":"6415600503068","name":"Smurffit Päärynälimonadi virvoitusjuoma muovipullo 0,5 L","price":2.45,"storeId":725782447,"__typename":"Product","approxPrice":false,"basicQuantityUnit":"KPL","comparisonPrice":4.5,"comparisonUnit":"LTR","consumerPackageSize":null,"consumerPackageUnit":null,"priceUnit":"KPL","quantityMultiplier":1,"brandName":"Smurffit","slug":"smurffit-paarynalimonadi-virvoitusjuoma-muovipullo-0-5-l","isAgeLimitedByAlcohol":false,"frozen":false,"packagingLabels":[],"packagingLabelCodes":[],"hierarchyPath":[{"id":"Herkku_00000797","name":"Muut virvoitusjuomat","slug":"juomat-1/virvoitusjuomat/muut-virvoitusjuomat","__typename":"HierarchyPathItem"},{"id":"Herkku_00000048","name":"Virvoitusjuomat","slug":"juomat-1/virvoitusjuomat","__typename":"HierarchyPathItem"},{"id":"Herkku_00000005","name":"Juomat","slug":"juomat-1","__typename":"HierarchyPathItem"}],"isGlobalFallback":null,"countryName":{"fi":"Suomi","__typename":"CountryName"}},{"id":"6415600503655","ean":"6415600503655","name":"POWERADE Mountain Blast urheilujuoma muovipullo 0,5 L","price":2.6900000000000004,"storeId":725782447,"__typename":"Product","approxPrice":false,"basicQuantityUnit":"KPL","comparisonPrice":4.98,"comparisonUnit":"LTR","consumerPackageSize":null,"consumerPackageUnit":null,"priceUnit":"KPL","quantityMultiplier":1,"brandName":"Powerade","slug":"powerade-mountain-blast-urheilujuoma-muovipullo-0-5-l","isAgeLimitedByAlcohol":false,"frozen":false,"packagingLabels":[],"packagingLabelCodes":[],"hierarchyPath":[{"id":"1591691224561836","name":"Urheilujuomat","slug":"juomat-1/energiajuomat-ja-urheilujuomat/urheilujuomat","__typename":"HierarchyPathItem"},{"id":"1591691224561833","name":"Energiajuomat ja urheilujuomat","slug":"juomat-1/energiajuomat-ja-urheilujuomat","__typename":"HierarchyPathItem"},{"id":"Herkku_00000005","name":"Juomat","slug":"juomat-1","__typename":"HierarchyPathItem"}],"isGlobalFallback":null,"countryName":{"fi":"Saksa","__typename":"CountryName"}},{"id":"6415600507790","ean":"6415600507790","name":"Fanta Appelsiini sokeriton virvoitusjuoma muovipullo 1,5 L","price":2.65,"storeId":725782447,"__typename":"Product","approxPrice":false,"basicQuantityUnit":"KPL","comparisonPrice":1.5,"comparisonUnit":"LTR","consumerPackageSize":null,"consumerPackageUnit":null,"priceUnit":"KPL","quantityMultiplier":1,"brandName":"Fanta","slug":"fanta-appelsiini-sokeriton-virvoitusjuoma-muovipullo-1-5-l","isAgeLimitedByAlcohol":false,"frozen":false,"packagingLabels":[],"packagingLabelCodes":[],"hierarchyPath":[{"id":"Herkku_00000796","name":"Appelsiinijuomat","slug":"juomat-1/virvoitusjuomat/appelsiinijuomat","__typename":"HierarchyPathItem"},{"id":"Herkku_00000048","name":"Virvoitusjuomat","slug":"juomat-1/virvoitusjuomat","__typename":"HierarchyPathItem"},{"id":"Herkku_00000005","name":"Juomat","slug":"juomat-1","__typename":"HierarchyPathItem"}],"isGlobalFallback":null,"countryName":{"fi":"Suomi","__typename":"CountryName"}},{"id":"6415600512923","ean":"6415600512923","name":"20-pack Karhu Lager olut 4,6% tölkki 0,33 L","price":31,"storeId":725782447,"__typename":"Product","approxPrice":false,"basicQuantityUnit":"KPL","comparisonPrice":4.24,"comparisonUnit":"LTR","consumerPackageSize":null,"consumerPackageUnit":null,"priceUnit":"KPL","quantityMultiplier":1,"brandName":"Karhu","slug":"20-pack-karhu-lager-olut-4-6-tolkki-0-33-l","isAgeLimitedByAlcohol":true,"frozen":false,"packagingLabels":[],"packagingLabelCodes":[],"hierarchyPath":[{"id":"Herkku_00000818","name":"Vaalea lager olut","slug":"juomat-1/oluet/vaalea-lager-olut","__typename":"HierarchyPathItem"},{"id":"Herkku_00000135","name":"Oluet","slug":"juomat-1/oluet","__typename":"HierarchyPathItem"},{"id":"Herkku_00000005","name":"Juomat","slug":"juomat-1","__typename":"HierarchyPathItem"}],"isGlobalFallback":null,"countryName":{"fi":"Suomi","__typename":"CountryName"}},{"id":"6415600515207","ean":"6415600515207","name":"Somersby Pear päärynäsiideri 4,5 % tölkki 0,33 L","price":2.59,"storeId":725782447,"__typename":"Product","approxPrice":false,"basicQuantityUnit":"KPL","comparisonPrice":7.39,"comparisonUnit":"LTR","consumerPackageSize":null,"consumerPackageUnit":null,"priceUnit":"KPL","quantityMultiplier":1,"brandName":"Somersby","slug":"somersby-pear-paarynasiideri-4-5-tolkki-0-33-l","isAgeLimitedByAlcohol":true,"frozen":false,"packagingLabels":[],"packagingLabelCodes":[],"hierarchyPath":[{"id":"1591691240635058","name":"Päärynäsiiderit","slug":"juomat-1/siiderit/paarynasiiderit","__typename":"HierarchyPathItem"},{"id":"Herkku_00000133","name":"Siiderit","slug":"juomat-1/siiderit","__typename":"HierarchyPathItem"},{"id":"Herkku_00000005","name":"Juomat","slug":"juomat-1","__typename":"HierarchyPathItem"}],"isGlobalFallback":null,"countryName":{"fi":"Suomi","__typename":"CountryName"}},{"id":"6415600539418","ean":"6415600539418","name":"Koff Gluteeniton Lager olut 2,5 % 0,33 L tölkki","price":1.25,"storeId":725782447,"__typename":"Product","approxPrice":false,"basicQuantityUnit":"KPL","comparisonPrice":3.33,"comparisonUnit":"LTR","consumerPackageSize":null,"consumerPackageUnit":null,"priceUnit":"KPL","quantityMultiplier":1,"brandName":"Koff","slug":"koff-gluteeniton-lager-olut-2-5-0-33-l-tolkki","isAgeLimitedByAlcohol":true,"frozen":false,"packagingLabels":[],"packagingLabelCodes":[],"hierarchyPath":[{"id":"Herkku_00000818","name":"Vaalea lager olut","slug":"juomat-1/oluet/vaalea-lager-olut","__typename":"HierarchyPathItem"},{"id":"Herkku_00000135","name":"Oluet","slug":"juomat-1/oluet","__typename":"HierarchyPathItem"},{"id":"Herkku_00000005","name":"Juomat","slug":"juomat-1","__typename":"HierarchyPathItem"}],"isGlobalFallback":null,"countryName":{"fi":"Suomi","__typename":"CountryName"}},{"id":"6415600539449","ean":"6415600539449","name":"Karhu Tumma Lager olut 2,8% tölkki 0,33 L","price":1.3499999999999999,"storeId":725782447,"__typename":"Product","approxPrice":false,"basicQuantityUnit":"KPL","comparisonPrice":3.64,"comparisonUnit":"LTR","consumerPackageSize":null,"consumerPackageUnit":null,"priceUnit":"KPL","quantityMultiplier":1,"brandName":"Karhu","slug":"karhu-tumma-lager-olut-2-8-tolkki-0-33-l","isAgeLimitedByAlcohol":true,"frozen":false,"packagingLabels":[],"packagingLabelCodes":[],"hierarchyPath":[{"id":"Herkku_00000823","name":"Tumma lager olut","slug":"juomat-1/oluet/tumma-lager-olut","__typename":"HierarchyPathItem"},{"id":"Herkku_00000135","name":"Oluet","slug":"juomat-1/oluet","__typename":"HierarchyPathItem"},{"id":"Herkku_00000005","name":"Juomat","slug":"juomat-1","__typename":"HierarchyPathItem"}],"isGlobalFallback":null,"countryName":{"fi":"Suomi","__typename":"CountryName"}},{"id":"6415600543521","ean":"6415600543521","name":"Crisp alkoholiton vaalea lager olut 0 % tölkki 0,33 L","price":1.5499999999999998,"storeId":725782447,"__typename":"Product","approxPrice":false,"basicQuantityUnit":"KPL","comparisonPrice":4.24,"comparisonUnit":"LTR","consumerPackageSize":null,"consumerPackageUnit":null,"priceUnit":"KPL","quantityMultiplier":1,"brandName":"Crisp","slug":"crisp-alkoholiton-vaalea-lager-olut-0-tolkki-0-33-l","isAgeLimitedByAlcohol":false,"frozen":false,"packagingLabels":[],"packagingLabelCodes":[],"hierarchyPath":[{"id":"Herkku_00000818","name":"Vaalea lager olut","slug":"juomat-1/oluet/vaalea-lager-olut","__typename":"HierarchyPathItem"},{"id":"Herkku_00000135","name":"Oluet","slug":"juomat-1/oluet","__typename":"HierarchyPathItem"},{"id":"Herkku_00000005","name":"Juomat","slug":"juomat-1","__typename":"HierarchyPathItem"}],"isGlobalFallback":null,"countryName":{"fi":"Suomi","__typename":"CountryName"}},{"id":"6415600543866","ean":"6415600543866","name":"KOFF Jouluolut olut 4,5 % lasipullo 0,33 L","price":1.99,"storeId":725782447,"__typename":"Product","approxPrice":false,"basicQuantityUnit":"KPL","comparisonPrice":5.73,"comparisonUnit":"LTR","consumerPackageSize":null,"consumerPackageUnit":null,"priceUnit":"KPL","quantityMultiplier":1,"brandName":"Koff","slug":"koff-jouluolut-olut-4-5-lasipullo-0-33-l","isAgeLimitedByAlcohol":true,"frozen":false,"packagingLabels":[],"packagingLabelCodes":[],"hierarchyPath":[{"id":"Herkku_00000816","name":"Muut oluet","slug":"juomat-1/oluet/muut-oluet","__typename":"HierarchyPathItem"},{"id":"Herkku_00000135","name":"Oluet","slug":"juomat-1/oluet","__typename":"HierarchyPathItem"},{"id":"Herkku_00000005","name":"Juomat","slug":"juomat-1","__typename":"HierarchyPathItem"}],"isGlobalFallback":null,"countryName":{"fi":"Suomi","__typename":"CountryName"}},{"id":"6415600543903","ean":"6415600543903","name":"KOFF Jouluolut olut 4,5 % tölkki 0,33 L","price":1.7999999999999998,"storeId":725782447,"__typename":"Product","approxPrice":false,"basicQuantityUnit":"KPL","comparisonPrice":5,"comparisonUnit":"LTR","consumerPackageSize":null,"consumerPackageUnit":null,"priceUnit":"KPL","quantityMultiplier":1,"brandName":null,"slug":"koff-jouluolut-olut-4-5-tolkki-0-33-l","isAgeLimitedByAlcohol":true,"frozen":false,"packagingLabels":[],"packagingLabelCodes":[],"hierarchyPath":[{"id":"Herkku_00000816","name":"Muut oluet","slug":"juomat-1/oluet/muut-oluet","__typename":"HierarchyPathItem"},{"id":"Herkku_00000135","name":"Oluet","slug":"juomat-1/oluet","__typename":"HierarchyPathItem"},{"id":"Herkku_00000005","name":"Juomat","slug":"juomat-1","__typename":"HierarchyPathItem"}],"isGlobalFallback":null,"countryName":{"fi":"Suomi","__typename":"CountryName"}},{"id":"6415600544559","ean":"6415600544559","name":"6-pack Karhu Lager olut 5,3% tölkki 0,33 L","price":13.200000000000001,"storeId":725782447,"__typename":"Product","approxPrice":false,"basicQuantityUnit":"KPL","comparisonPrice":6.21,"comparisonUnit":"LTR","consumerPackageSize":null,"consumerPackageUnit":null,"priceUnit":"KPL","quantityMultiplier":1,"brandName":"Karhu","slug":"6-pack-karhu-lager-olut-5-3-tolkki-0-33-l","isAgeLimitedByAlcohol":true,"frozen":false,"packagingLabels":[],"packagingLabelCodes":[],"hierarchyPath":[{"id":"Herkku_00000818","name":"Vaalea lager olut","slug":"juomat-1/oluet/vaalea-lager-olut","__typename":"HierarchyPathItem"},{"id":"Herkku_00000135","name":"Oluet","slug":"juomat-1/oluet","__typename":"HierarchyPathItem"},{"id":"Herkku_00000005","name":"Juomat","slug":"juomat-1","__typename":"HierarchyPathItem"}],"isGlobalFallback":null,"countryName":{"fi":"Suomi","__typename":"CountryName"}},{"id":"6415600546126","ean":"6415600546126","name":"Bonaqua Villivadelma  kivennäisvesi muovipullo 0,5 L","price":2.15,"storeId":725782447,"__typename":"Product","approxPrice":false,"basicQuantityUnit":"KPL","comparisonPrice":3.9,"comparisonUnit":"LTR","consumerPackageSize":null,"consumerPackageUnit":null,"priceUnit":"KPL","quantityMultiplier":1,"brandName":"Bonaqua","slug":"bonaqua-villivadelma-kivennaisvesi-muovipullo-0-5-l","isAgeLimitedByAlcohol":false,"frozen":false,"packagingLabels":[],"packagingLabelCodes":[],"hierarchyPath":[{"id":"Herkku_00000852","name":"Kivennäisvedet","slug":"juomat-1/vedet/kivennaisvedet","__typename":"HierarchyPathItem"},{"id":"Herkku_00000141","name":"Vedet","slug":"juomat-1/vedet","__typename":"HierarchyPathItem"},{"id":"Herkku_00000005","name":"Juomat","slug":"juomat-1","__typename":"HierarchyPathItem"}],"isGlobalFallback":null,"countryName":{"fi":"Suomi","__typename":"CountryName"}},{"id":"6415600546249","ean":"6415600546249","name":"Bonaqua Villivadelma kivennäisvesi muovipullo 1,5 L","price":2.59,"storeId":725782447,"__typename":"Product","approxPrice":false,"basicQuantityUnit":"KPL","comparisonPrice":1.46,"comparisonUnit":"LTR","consumerPackageSize":null,"consumerPackageUnit":null,"priceUnit":"KPL","quantityMultiplier":1,"brandName":"Bonaqua","slug":"bonaqua-villivadelma-kivennaisvesi-muovipullo-1-5-l","isAgeLimitedByAlcohol":false,"frozen":false,"packagingLabels":[],"packagingLabelCodes":[],"hierarchyPath":[{"id":"Herkku_00000852","name":"Kivennäisvedet","slug":"juomat-1/vedet/kivennaisvedet","__typename":"HierarchyPathItem"},{"id":"Herkku_00000141","name":"Vedet","slug":"juomat-1/vedet","__typename":"HierarchyPathItem"},{"id":"Herkku_00000005","name":"Juomat","slug":"juomat-1","__typename":"HierarchyPathItem"}],"isGlobalFallback":null,"countryName":{"fi":"Suomi","__typename":"CountryName"}},{"id":"6415600549332","ean":"6415600549332","name":"KOFF Lager olut 4,6 % tölkki 0,5 L","price":2.69,"storeId":725782447,"__typename":"Product","approxPrice":false,"basicQuantityUnit":"KPL","comparisonPrice":5.08,"comparisonUnit":"LTR","consumerPackageSize":null,"consumerPackageUnit":null,"priceUnit":"KPL","quantityMultiplier":1,"brandName":"Koff","slug":"koff-lager-olut-4-6-tolkki-0-5-l","isAgeLimitedByAlcohol":true,"frozen":false,"packagingLabels":[],"packagingLabelCodes":[],"hierarchyPath":[{"id":"Herkku_00000818","name":"Vaalea lager olut","slug":"juomat-1/oluet/vaalea-lager-olut","__typename":"HierarchyPathItem"},{"id":"Herkku_00000135","name":"Oluet","slug":"juomat-1/oluet","__typename":"HierarchyPathItem"},{"id":"Herkku_00000005","name":"Juomat","slug":"juomat-1","__typename":"HierarchyPathItem"}],"isGlobalFallback":null,"countryName":{"fi":"Suomi","__typename":"CountryName"}},{"id":"6415600549523","ean":"6415600549523","name":"Fanta Appelsiini virvoitusjuoma muovipullo 1,5 L","price":2.9899999999999998,"storeId":725782447,"__typename":"Product","approxPrice":false,"basicQuantityUnit":"KPL","comparisonPrice":1.73,"comparisonUnit":"LTR","consumerPackageSize":null,"consumerPackageUnit":null,"priceUnit":"KPL","quantityMultiplier":1,"brandName":"Fanta","slug":"fanta-appelsiini-virvoitusjuoma-muovipullo-1-5-l","isAgeLimitedByAlcohol":false,"frozen":false,"packagingLabels":[],"packagingLabelCodes":[],"hierarchyPath":[{"id":"Herkku_00000796","name":"Appelsiinijuomat","slug":"juomat-1/virvoitusjuomat/appelsiinijuomat","__typename":"HierarchyPathItem"},{"id":"Herkku_00000048","name":"Virvoitusjuomat","slug":"juomat-1/virvoitusjuomat","__typename":"HierarchyPathItem"},{"id":"Herkku_00000005","name":"Juomat","slug":"juomat-1","__typename":"HierarchyPathItem"}],"isGlobalFallback":null,"countryName":{"fi":"Suomi","__typename":"CountryName"}},{"id":"6415600549813","ean":"6415600549813","name":"KOFF Long Drink Greippi 5,5 % tölkki 0,33 L","price":2.59,"storeId":725782447,"__typename":"Product","approxPrice":false,"basicQuantityUnit":"KPL","comparisonPrice":7.39,"comparisonUnit":"LTR","consumerPackageSize":null,"consumerPackageUnit":null,"priceUnit":"KPL","quantityMultiplier":1,"brandName":"Koff","slug":"koff-long-drink-greippi-5-5-tolkki-0-33-l","isAgeLimitedByAlcohol":true,"frozen":false,"packagingLabels":[],"packagingLabelCodes":[],"hierarchyPath":[{"id":"1591691240635050","name":"Greippilonkerot","slug":"juomat-1/lonkerot/greippilonkerot","__typename":"HierarchyPathItem"},{"id":"Herkku_00000139","name":"Lonkerot","slug":"juomat-1/lonkerot","__typename":"HierarchyPathItem"},{"id":"Herkku_00000005","name":"Juomat","slug":"juomat-1","__typename":"HierarchyPathItem"}],"isGlobalFallback":null,"countryName":{"fi":"Suomi","__typename":"CountryName"}},{"id":"6415600551090","ean":"6415600551090","name":"KOFF Lime Lager olut 4,4 % lasipullo 0,33 L","price":2.29,"storeId":725782447,"__typename":"Product","approxPrice":false,"basicQuantityUnit":"KPL","comparisonPrice":6.64,"comparisonUnit":"LTR","consumerPackageSize":null,"consumerPackageUnit":null,"priceUnit":"KPL","quantityMultiplier":1,"brandName":"Koff","slug":"koff-lime-lager-olut-4-4-lasipullo-0-33-l","isAgeLimitedByAlcohol":true,"frozen":false,"packagingLabels":[],"packagingLabelCodes":[],"hierarchyPath":[{"id":"Herkku_00000818","name":"Vaalea lager olut","slug":"juomat-1/oluet/vaalea-lager-olut","__typename":"HierarchyPathItem"},{"id":"Herkku_00000135","name":"Oluet","slug":"juomat-1/oluet","__typename":"HierarchyPathItem"},{"id":"Herkku_00000005","name":"Juomat","slug":"juomat-1","__typename":"HierarchyPathItem"}],"isGlobalFallback":null,"countryName":{"fi":"Suomi","__typename":"CountryName"}},{"id":"6415600551151","ean":"6415600551151","name":"KOFF Perinnekalja olut 2,2 % muovipullo 1,25 L","price":4.29,"storeId":725782447,"__typename":"Product","approxPrice":false,"basicQuantityUnit":"KPL","comparisonPrice":3.11,"comparisonUnit":"LTR","consumerPackageSize":null,"consumerPackageUnit":null,"priceUnit":"KPL","quantityMultiplier":1,"brandName":"Koff","slug":"koff-perinnekalja-olut-2-2-muovipullo-1-25-l","isAgeLimitedByAlcohol":true,"frozen":false,"packagingLabels":[],"packagingLabelCodes":[],"hierarchyPath":[{"id":"Herkku_00000820","name":"Kotikalja","slug":"juomat-1/oluet/kotikalja","__typename":"HierarchyPathItem"},{"id":"Herkku_00000135","name":"Oluet","slug":"juomat-1/oluet","__typename":"HierarchyPathItem"},{"id":"Herkku_00000005","name":"Juomat","slug":"juomat-1","__typename":"HierarchyPathItem"}],"isGlobalFallback":null,"countryName":{"fi":"Suomi","__typename":"CountryName"}},{"id":"6415600555760","ean":"6415600555760","name":"Sprite Sitruuna-Lime virvoitusjuoma muovipullo 1,5 L","price":3.75,"storeId":725782447,"__typename":"Product","approxPrice":false,"basicQuantityUnit":"KPL","comparisonPrice":2.23,"comparisonUnit":"LTR","consumerPackageSize":null,"consumerPackageUnit":null,"priceUnit":"KPL","quantityMultiplier":1,"brandName":"Sprite","slug":"sprite-sitruuna-lime-virvoitusjuoma-muovipullo-1-5-l","isAgeLimitedByAlcohol":false,"frozen":false,"packagingLabels":[],"packagingLabelCodes":[],"hierarchyPath":[{"id":"Herkku_00000792","name":"Sitrusjuomat","slug":"juomat-1/virvoitusjuomat/sitrusjuomat","__typename":"HierarchyPathItem"},{"id":"Herkku_00000048","name":"Virvoitusjuomat","slug":"juomat-1/virvoitusjuomat","__typename":"HierarchyPathItem"},{"id":"Herkku_00000005","name":"Juomat","slug":"juomat-1","__typename":"HierarchyPathItem"}],"isGlobalFallback":null,"countryName":{"fi":"Suomi","__typename":"CountryName"}},{"id":"6415600555845","ean":"6415600555845","name":"Crisp  alkoholiton IPA olut 0,5 % tölkki 0,33 L","price":1.5499999999999998,"storeId":725782447,"__typename":"Product","approxPrice":false,"basicQuantityUnit":"KPL","comparisonPrice":4.24,"comparisonUnit":"LTR","consumerPackageSize":null,"consumerPackageUnit":null,"priceUnit":"KPL","quantityMultiplier":1,"brandName":"Crisp","slug":"crisp-alkoholiton-ipa-olut-0-5-tolkki-0-33-l","isAgeLimitedByAlcohol":false,"frozen":false,"packagingLabels":[],"packagingLabelCodes":[],"hierarchyPath":[{"id":"Herkku_00000821","name":"Ale-olut","slug":"juomat-1/oluet/ale-olut","__typename":"HierarchyPathItem"},{"id":"Herkku_00000135","name":"Oluet","slug":"juomat-1/oluet","__typename":"HierarchyPathItem"},{"id":"Herkku_00000005","name":"Juomat","slug":"juomat-1","__typename":"HierarchyPathItem"}],"isGlobalFallback":null,"countryName":{"fi":"Suomi","__typename":"CountryName"}},{"id":"6415600556095","ean":"6415600556095","name":"Garage Vodka Lemonade 4,1% 0,5 L tlk","price":3.59,"storeId":725782447,"__typename":"Product","approxPrice":false,"basicQuantityUnit":"KPL","comparisonPrice":6.88,"comparisonUnit":"LTR","consumerPackageSize":null,"consumerPackageUnit":null,"priceUnit":"KPL","quantityMultiplier":1,"brandName":"Garage","slug":"garage-vodka-lemonade-4-1-0-5-l-tlk","isAgeLimitedByAlcohol":true,"frozen":false,"packagingLabels":[],"packagingLabelCodes":[],"hierarchyPath":[{"id":"Herkku_00000827","name":"Cocktailit","slug":"juomat-1/alkoholijuomasekoitukset/cocktailit","__typename":"HierarchyPathItem"},{"id":"Herkku_00000136","name":"Alkoholijuomasekoitukset","slug":"juomat-1/alkoholijuomasekoitukset","__typename":"HierarchyPathItem"},{"id":"Herkku_00000005","name":"Juomat","slug":"juomat-1","__typename":"HierarchyPathItem"}],"isGlobalFallback":null,"countryName":{"fi":"Suomi","__typename":"CountryName"}},{"id":"6415600558532","ean":"6415600558532","name":"Koff long drink Omena 5,5% tlk 0,33 L","price":2.59,"storeId":725782447,"__typename":"Product","approxPrice":false,"basicQuantityUnit":"KPL","comparisonPrice":7.39,"comparisonUnit":"LTR","consumerPackageSize":null,"consumerPackageUnit":null,"priceUnit":"KPL","quantityMultiplier":1,"brandName":"Koff","slug":"koff-long-drink-omena-5-5-tlk-0-33-l","isAgeLimitedByAlcohol":true,"frozen":false,"packagingLabels":[],"packagingLabelCodes":[],"hierarchyPath":[{"id":"1591691240635051","name":"Maustetut lonkerot","slug":"juomat-1/lonkerot/maustetut-lonkerot","__typename":"HierarchyPathItem"},{"id":"Herkku_00000139","name":"Lonkerot","slug":"juomat-1/lonkerot","__typename":"HierarchyPathItem"},{"id":"Herkku_00000005","name":"Juomat","slug":"juomat-1","__typename":"HierarchyPathItem"}],"isGlobalFallback":null,"countryName":{"fi":"Suomi","__typename":"CountryName"}},{"id":"6415600560801","ean":"6415600560801","name":"Fanta Sitruuna Sokeriton virvoitusjuoma muovipullo 1,5 L","price":2.85,"storeId":725782447,"__typename":"Product","approxPrice":false,"basicQuantityUnit":"KPL","comparisonPrice":1.63,"comparisonUnit":"LTR","consumerPackageSize":null,"consumerPackageUnit":null,"priceUnit":"KPL","quantityMultiplier":1,"brandName":"Fanta","slug":"fanta-sitruuna-sokeriton-virvoitusjuoma-muovipullo-1-5-l","isAgeLimitedByAlcohol":false,"frozen":false,"packagingLabels":[],"packagingLabelCodes":[],"hierarchyPath":[{"id":"Herkku_00000792","name":"Sitrusjuomat","slug":"juomat-1/virvoitusjuomat/sitrusjuomat","__typename":"HierarchyPathItem"},{"id":"Herkku_00000048","name":"Virvoitusjuomat","slug":"juomat-1/virvoitusjuomat","__typename":"HierarchyPathItem"},{"id":"Herkku_00000005","name":"Juomat","slug":"juomat-1","__typename":"HierarchyPathItem"}],"isGlobalFallback":null,"countryName":{"fi":"Suomi","__typename":"CountryName"}},{"id":"6415600560979","ean":"6415600560979","name":"Koff Long Drink Pink Grapefruit 5,5 % tölkki 0,33 L","price":2.59,"storeId":725782447,"__typename":"Product","approxPrice":false,"basicQuantityUnit":"KPL","comparisonPrice":7.39,"comparisonUnit":"LTR","consumerPackageSize":null,"consumerPackageUnit":null,"priceUnit":"KPL","quantityMultiplier":1,"brandName":"Koff","slug":"koff-long-drink-pink-grapefruit-5-5-tolkki-0-33-l","isAgeLimitedByAlcohol":true,"frozen":false,"packagingLabels":[],"packagingLabelCodes":[],"hierarchyPath":[{"id":"1591691240635051","name":"Maustetut lonkerot","slug":"juomat-1/lonkerot/maustetut-lonkerot","__typename":"HierarchyPathItem"},{"id":"Herkku_00000139","name":"Lonkerot","slug":"juomat-1/lonkerot","__typename":"HierarchyPathItem"},{"id":"Herkku_00000005","name":"Juomat","slug":"juomat-1","__typename":"HierarchyPathItem"}],"isGlobalFallback":null,"countryName":{"fi":"Suomi","__typename":"CountryName"}},{"id":"6415600561112","ean":"6415600561112","name":"Garage Vodka Lemonade Orange maustettu alkoholijuoma 4,1 % tölkki 0,5 L","price":3.59,"storeId":725782447,"__typename":"Product","approxPrice":false,"basicQuantityUnit":"KPL","comparisonPrice":6.88,"comparisonUnit":"LTR","consumerPackageSize":null,"consumerPackageUnit":null,"priceUnit":"KPL","quantityMultiplier":1,"brandName":"Garage","slug":"garage-vodka-lemonade-orange-maustettu-alkoholijuoma-4-1-tolkki-0-5-l","isAgeLimitedByAlcohol":true,"frozen":false,"packagingLabels":[],"packagingLabelCodes":[],"hierarchyPath":[{"id":"Herkku_00000827","name":"Cocktailit","slug":"juomat-1/alkoholijuomasekoitukset/cocktailit","__typename":"HierarchyPathItem"},{"id":"Herkku_00000136","name":"Alkoholijuomasekoitukset","slug":"juomat-1/alkoholijuomasekoitukset","__typename":"HierarchyPathItem"},{"id":"Herkku_00000005","name":"Juomat","slug":"juomat-1","__typename":"HierarchyPathItem"}],"isGlobalFallback":null,"countryName":{"fi":"Suomi","__typename":"CountryName"}},{"id":"6415600564441","ean":"6415600564441","name":"Koff IPA olut 2,5 % tölkki 0,50 L","price":2.29,"storeId":725782447,"__typename":"Product","approxPrice":false,"basicQuantityUnit":"KPL","comparisonPrice":4.28,"comparisonUnit":"LTR","consumerPackageSize":null,"consumerPackageUnit":null,"priceUnit":"KPL","quantityMultiplier":1,"brandName":"Koff","slug":"koff-ipa-olut-2-5-tolkki-0-50-l","isAgeLimitedByAlcohol":true,"frozen":false,"packagingLabels":[],"packagingLabelCodes":[],"hierarchyPath":[{"id":"Herkku_00000821","name":"Ale-olut","slug":"juomat-1/oluet/ale-olut","__typename":"HierarchyPathItem"},{"id":"Herkku_00000135","name":"Oluet","slug":"juomat-1/oluet","__typename":"HierarchyPathItem"},{"id":"Herkku_00000005","name":"Juomat","slug":"juomat-1","__typename":"HierarchyPathItem"}],"isGlobalFallback":null,"countryName":{"fi":"Suomi","__typename":"CountryName"}},{"id":"6415600567039","ean":"6415600567039","name":"Karhu Lager olut 2,8 % tölkki 0,5 L","price":2.25,"storeId":725782447,"__typename":"Product","approxPrice":false,"basicQuantityUnit":"KPL","comparisonPrice":4.2,"comparisonUnit":"LTR","consumerPackageSize":null,"consumerPackageUnit":null,"priceUnit":"KPL","quantityMultiplier":1,"brandName":"Karhu","slug":"karhu-lager-olut-2-8-tolkki-0-5-l","isAgeLimitedByAlcohol":true,"frozen":false,"packagingLabels":[],"packagingLabelCodes":[],"hierarchyPath":[{"id":"Herkku_00000818","name":"Vaalea lager olut","slug":"juomat-1/oluet/vaalea-lager-olut","__typename":"HierarchyPathItem"},{"id":"Herkku_00000135","name":"Oluet","slug":"juomat-1/oluet","__typename":"HierarchyPathItem"},{"id":"Herkku_00000005","name":"Juomat","slug":"juomat-1","__typename":"HierarchyPathItem"}],"isGlobalFallback":null,"countryName":{"fi":"Suomi","__typename":"CountryName"}},{"id":"6415600567176","ean":"6415600567176","name":"6-pack Bonaqua Villipäärynä Hiilihapollinen juoma tlk 0.33 L","price":4.99,"storeId":725782447,"__typename":"Product","approxPrice":false,"basicQuantityUnit":"KPL","comparisonPrice":2.07,"comparisonUnit":"LTR","consumerPackageSize":null,"consumerPackageUnit":null,"priceUnit":"KPL","quantityMultiplier":1,"brandName":"Bonaqua","slug":"6-pack-bonaqua-villipaaryna-hiilihapollinen-juoma-tlk-033-l","isAgeLimitedByAlcohol":false,"frozen":false,"packagingLabels":[],"packagingLabelCodes":[],"hierarchyPath":[{"id":"Herkku_00000851","name":"Mehukivennäisvedet ja makuvedet","slug":"juomat-1/vedet/mehukivennaisvedet-ja-makuvedet","__typename":"HierarchyPathItem"},{"id":"Herkku_00000141","name":"Vedet","slug":"juomat-1/vedet","__typename":"HierarchyPathItem"},{"id":"Herkku_00000005","name":"Juomat","slug":"juomat-1","__typename":"HierarchyPathItem"}],"isGlobalFallback":null,"countryName":{"fi":"Suomi","__typename":"CountryName"}},{"id":"6415600571777","ean":"6415600571777","name":"Crowmoor Apple Wine Spritz Sauvignon Blanc maustettu alkoholijuoma 5,3 % tölkki 0,33 L","price":2.65,"storeId":725782447,"__typename":"Product","approxPrice":false,"basicQuantityUnit":"KPL","comparisonPrice":7.58,"comparisonUnit":"LTR","consumerPackageSize":null,"consumerPackageUnit":null,"priceUnit":"KPL","quantityMultiplier":1,"brandName":"Crowmoor","slug":"crowmoor-apple-wine-spritz-sauvignon-blanc-maustettu-alkoholijuoma-5-3-tolkki-0-33-l","isAgeLimitedByAlcohol":true,"frozen":false,"packagingLabels":[],"packagingLabelCodes":[],"hierarchyPath":[{"id":"1591691240635063","name":"Muut siiderit","slug":"juomat-1/siiderit/muut-siiderit","__typename":"HierarchyPathItem"},{"id":"Herkku_00000133","name":"Siiderit","slug":"juomat-1/siiderit","__typename":"HierarchyPathItem"},{"id":"Herkku_00000005","name":"Juomat","slug":"juomat-1","__typename":"HierarchyPathItem"}],"isGlobalFallback":null,"countryName":{"fi":"Suomi","__typename":"CountryName"}},{"id":"6415600572071","ean":"6415600572071","name":"K1664 Blanc olut 5% lasipullo 0,33 L","price":2.99,"storeId":725782447,"__typename":"Product","approxPrice":false,"basicQuantityUnit":"KPL","comparisonPrice":8.76,"comparisonUnit":"LTR","consumerPackageSize":null,"consumerPackageUnit":null,"priceUnit":"KPL","quantityMultiplier":1,"brandName":"Sinebrychoff","slug":"k1664-blanc-olut-5-lasipullo-0-33-l","isAgeLimitedByAlcohol":true,"frozen":false,"packagingLabels":[],"packagingLabelCodes":[],"hierarchyPath":[{"id":"Herkku_00000817","name":"Vehnäolut","slug":"juomat-1/oluet/vehnaolut","__typename":"HierarchyPathItem"},{"id":"Herkku_00000135","name":"Oluet","slug":"juomat-1/oluet","__typename":"HierarchyPathItem"},{"id":"Herkku_00000005","name":"Juomat","slug":"juomat-1","__typename":"HierarchyPathItem"}],"isGlobalFallback":null,"countryName":{"fi":"Puola","__typename":"CountryName"}},{"id":"6415600572781","ean":"6415600572781","name":"Karhu Platina Lager olut 4,5 % tölkki 0,5 L","price":3.39,"storeId":725782447,"__typename":"Product","approxPrice":false,"basicQuantityUnit":"KPL","comparisonPrice":6.48,"comparisonUnit":"LTR","consumerPackageSize":null,"consumerPackageUnit":null,"priceUnit":"KPL","quantityMultiplier":1,"brandName":"Karhu","slug":"karhu-platina-lager-olut-4-5-tolkki-0-5-l","isAgeLimitedByAlcohol":true,"frozen":false,"packagingLabels":[],"packagingLabelCodes":[],"hierarchyPath":[{"id":"Herkku_00000818","name":"Vaalea lager olut","slug":"juomat-1/oluet/vaalea-lager-olut","__typename":"HierarchyPathItem"},{"id":"Herkku_00000135","name":"Oluet","slug":"juomat-1/oluet","__typename":"HierarchyPathItem"},{"id":"Herkku_00000005","name":"Juomat","slug":"juomat-1","__typename":"HierarchyPathItem"}],"isGlobalFallback":null,"countryName":{"fi":"Suomi","__typename":"CountryName"}},{"id":"6415600572811","ean":"6415600572811","name":"6-pack Karhu Platina Lager olut 4,5 % tölkki 0,33 L","price":12.9,"storeId":725782447,"__typename":"Product","approxPrice":false,"basicQuantityUnit":"KPL","comparisonPrice":6.06,"comparisonUnit":"LTR","consumerPackageSize":null,"consumerPackageUnit":null,"priceUnit":"KPL","quantityMultiplier":1,"brandName":"Karhu","slug":"6-pack-karhu-platina-lager-olut-4-5-tolkki-0-33-l","isAgeLimitedByAlcohol":true,"frozen":false,"packagingLabels":[],"packagingLabelCodes":[],"hierarchyPath":[{"id":"Herkku_00000818","name":"Vaalea lager olut","slug":"juomat-1/oluet/vaalea-lager-olut","__typename":"HierarchyPathItem"},{"id":"Herkku_00000135","name":"Oluet","slug":"juomat-1/oluet","__typename":"HierarchyPathItem"},{"id":"Herkku_00000005","name":"Juomat","slug":"juomat-1","__typename":"HierarchyPathItem"}],"isGlobalFallback":null,"countryName":{"fi":"Suomi","__typename":"CountryName"}},{"id":"6415711002108","ean":"6415711002108","name":"Rainbow 63g sipulikeittoainekset laktoositon","price":0.99,"storeId":725782447,"__typename":"Product","approxPrice":false,"basicQuantityUnit":"KPL","comparisonPrice":15.71,"comparisonUnit":"KGM","consumerPackageSize":null,"consumerPackageUnit":null,"priceUnit":"KPL","quantityMultiplier":1,"brandName":"Rainbow","slug":"rainbow-63g-sipulikeittoainekset-laktoositon","isAgeLimitedByAlcohol":false,"frozen":false,"packagingLabels":[],"packagingLabelCodes":[],"hierarchyPath":[{"id":"Herkku_00000473","name":"Pussikeitot","slug":"kuivatuotteet-ja-leivonta-1/ateria-ainekset/pussikeitot","__typename":"HierarchyPathItem"},{"id":"Herkku_00000087","name":"Ateria-ainekset","slug":"kuivatuotteet-ja-leivonta-1/ateria-ainekset","__typename":"HierarchyPathItem"},{"id":"Herkku_00000007","name":"Kuivatuotteet ja leivonta","slug":"kuivatuotteet-ja-leivonta-1","__typename":"HierarchyPathItem"}],"isGlobalFallback":null,"countryName":{"fi":"Italia","__typename":"CountryName"}},{"id":"6415711002528","ean":"6415711002528","name":"Rainbow 50kpl pikkuhousunsuoja","price":1.79,"storeId":725782447,"__typename":"Product","approxPrice":false,"basicQuantityUnit":"KPL","comparisonPrice":0.04,"comparisonUnit":"PCE","consumerPackageSize":null,"consumerPackageUnit":null,"priceUnit":"KPL","quantityMultiplier":1,"brandName":"Rainbow","slug":"rainbow-50kpl-pikkuhousunsuoja","isAgeLimitedByAlcohol":false,"frozen":false,"packagingLabels":[],"packagingLabelCodes":[],"hierarchyPath":[{"id":"1591691233571268","name":"Pikkuhousunsuojat","slug":"kosmetiikka-ja-hygienia/intiimihygienia-ja-intiimituotteet/pikkuhousunsuojat","__typename":"HierarchyPathItem"},{"id":"1591691233571247","name":"Intiimihygienia ja intiimituotteet","slug":"kosmetiikka-ja-hygienia/intiimihygienia-ja-intiimituotteet","__typename":"HierarchyPathItem"},{"id":"1591691233334707","name":"Kosmetiikka ja hygienia","slug":"kosmetiikka-ja-hygienia","__typename":"HierarchyPathItem"}],"isGlobalFallback":null,"countryName":{"fi":"Italia","__typename":"CountryName"}},{"id":"6415711002535","ean":"6415711002535","name":"Rainbow inkontinenssisuoja super 12kpl","price":2.99,"storeId":725782447,"__typename":"Product","approxPrice":false,"basicQuantityUnit":"KPL","comparisonPrice":0.25,"comparisonUnit":"PCE","consumerPackageSize":null,"consumerPackageUnit":null,"priceUnit":"KPL","quantityMultiplier":1,"brandName":"Rainbow","slug":"rainbow-inkontinenssisuoja-super-12kpl","isAgeLimitedByAlcohol":false,"frozen":false,"packagingLabels":[],"packagingLabelCodes":[],"hierarchyPath":[{"id":"1591691233571274","name":"Inkontinenssisuojat","slug":"kosmetiikka-ja-hygienia/intiimihygienia-ja-intiimituotteet/inkontinenssisuojat","__typename":"HierarchyPathItem"},{"id":"1591691233571247","name":"Intiimihygienia ja intiimituotteet","slug":"kosmetiikka-ja-hygienia/intiimihygienia-ja-intiimituotteet","__typename":"HierarchyPathItem"},{"id":"1591691233334707","name":"Kosmetiikka ja hygienia","slug":"kosmetiikka-ja-hygienia","__typename":"HierarchyPathItem"}],"isGlobalFallback":null,"countryName":{"fi":"Italia","__typename":"CountryName"}},{"id":"6415711002702","ean":"6415711002702","name":"Ultraohut normaali side siivetön, yksittäispakattu","price":1.79,"storeId":725782447,"__typename":"Product","approxPrice":false,"basicQuantityUnit":"KPL","comparisonPrice":0.11,"comparisonUnit":"PCE","consumerPackageSize":null,"consumerPackageUnit":null,"priceUnit":"KPL","quantityMultiplier":1,"brandName":"Rainbow","slug":"ultraohut-normaali-side-siiveton-yksittaispakattu","isAgeLimitedByAlcohol":false,"frozen":false,"packagingLabels":[],"packagingLabelCodes":[],"hierarchyPath":[{"id":"1591691233571265","name":"Siteet","slug":"kosmetiikka-ja-hygienia/intiimihygienia-ja-intiimituotteet/siteet","__typename":"HierarchyPathItem"},{"id":"1591691233571247","name":"Intiimihygienia ja intiimituotteet","slug":"kosmetiikka-ja-hygienia/intiimihygienia-ja-intiimituotteet","__typename":"HierarchyPathItem"},{"id":"1591691233334707","name":"Kosmetiikka ja hygienia","slug":"kosmetiikka-ja-hygienia","__typename":"HierarchyPathItem"}],"isGlobalFallback":null,"countryName":{"fi":"Italia","__typename":"CountryName"}},{"id":"6415711051502","ean":"6415711051502","name":"Rainbow 1x4 suodatinpussi valkaisematon 100kpl","price":1.29,"storeId":725782447,"__typename":"Product","approxPrice":false,"basicQuantityUnit":"KPL","comparisonPrice":0.01,"comparisonUnit":"PCE","consumerPackageSize":null,"consumerPackageUnit":null,"priceUnit":"KPL","quantityMultiplier":1,"brandName":"Rainbow","slug":"rainbow-1x4-suodatinpussi-valkaisematon-100kpl","isAgeLimitedByAlcohol":false,"frozen":false,"packagingLabels":["Pohjoismainen ympäristömerkki (Joutsen)"],"packagingLabelCodes":["SVANEN"],"hierarchyPath":[{"id":"Herkku_00000503","name":"Suodatinpaperit","slug":"juomat-1/kahvit-ja-suodatinpaperit/suodatinpaperit","__typename":"HierarchyPathItem"},{"id":"Herkku_00000089","name":"Kahvit ja suodatinpaperit","slug":"juomat-1/kahvit-ja-suodatinpaperit","__typename":"HierarchyPathItem"},{"id":"Herkku_00000005","name":"Juomat","slug":"juomat-1","__typename":"HierarchyPathItem"}],"isGlobalFallback":null,"countryName":{"fi":"Saksa","__typename":"CountryName"}},{"id":"6415711051861","ean":"6415711051861","name":"Rainbow 500ml astianpesuaine lemon","price":1.75,"storeId":725782447,"__typename":"Product","approxPrice":false,"basicQuantityUnit":"KPL","comparisonPrice":3.5,"comparisonUnit":"LTR","consumerPackageSize":null,"consumerPackageUnit":null,"priceUnit":"KPL","quantityMultiplier":1,"brandName":"Rainbow","slug":"rainbow-500ml-astianpesuaine-lemon","isAgeLimitedByAlcohol":false,"frozen":false,"packagingLabels":[],"packagingLabelCodes":[],"hierarchyPath":[{"id":"1591691234596268","name":"Käsitiskiaineet","slug":"kodinhoito-ja-taloustarvikkeet/astianpesu/kasitiskiaineet","__typename":"HierarchyPathItem"},{"id":"1591691234596262","name":"Astianpesu","slug":"kodinhoito-ja-taloustarvikkeet/astianpesu","__typename":"HierarchyPathItem"},{"id":"1591691234596256","name":"Kodinhoito ja taloustarvikkeet","slug":"kodinhoito-ja-taloustarvikkeet","__typename":"HierarchyPathItem"}],"isGlobalFallback":null,"countryName":{"fi":"Belgia","__typename":"CountryName"}},{"id":"6415711051939","ean":"6415711051939","name":"Rainbow öljykynttilä pieni 2kpl","price":1.85,"storeId":725782447,"__typename":"Product","approxPrice":false,"basicQuantityUnit":"KPL","comparisonPrice":0.93,"comparisonUnit":"PCE","consumerPackageSize":null,"consumerPackageUnit":null,"priceUnit":"KPL","quantityMultiplier":1,"brandName":"Rainbow","slug":"rainbow-oljykynttila-pieni-2kpl","isAgeLimitedByAlcohol":false,"frozen":false,"packagingLabels":[],"packagingLabelCodes":[],"hierarchyPath":[{"id":"1591691259195625","name":"Kynttilät ja lyhdyt","slug":"joulu-0/joulun-valmisteluun/kynttilat-ja-lyhdyt","__typename":"HierarchyPathItem"},{"id":"1591691259195584","name":"Joulun valmisteluun","slug":"joulu-0/joulun-valmisteluun","__typename":"HierarchyPathItem"},{"id":"1591691259195579","name":"Joulu","slug":"joulu-0","__typename":"HierarchyPathItem"}],"isGlobalFallback":null,"countryName":{"fi":"Alankomaat","__typename":"CountryName"}},{"id":"6415711051953","ean":"6415711051953","name":"Rainbow vahva tuorekelmu 29 cm x 30 m","price":1.45,"storeId":725782447,"__typename":"Product","approxPrice":false,"basicQuantityUnit":"KPL","comparisonPrice":0.05,"comparisonUnit":"MTR","consumerPackageSize":null,"consumerPackageUnit":null,"priceUnit":"KPL","quantityMultiplier":1,"brandName":"Rainbow","slug":"rainbow-vahva-tuorekelmu-29-cm-x-30-m","isAgeLimitedByAlcohol":false,"frozen":false,"packagingLabels":[],"packagingLabelCodes":[],"hierarchyPath":[{"id":"1591691234054961","name":"Kelmut","slug":"keittio-ja-kattaus/leivonta-ja-ruoanlaittotarvikkeet/kelmut","__typename":"HierarchyPathItem"},{"id":"1591691234054955","name":"Leivonta- ja ruoanlaittotarvikkeet","slug":"keittio-ja-kattaus/leivonta-ja-ruoanlaittotarvikkeet","__typename":"HierarchyPathItem"},{"id":"1591691234054950","name":"Keittiö ja kattaus","slug":"keittio-ja-kattaus","__typename":"HierarchyPathItem"}],"isGlobalFallback":null,"countryName":{"fi":"Alankomaat","__typename":"CountryName"}},{"id":"6415711052097","ean":"6415711052097","name":"Rainbow iso öljykynttilä","price":2.35,"storeId":725782447,"__typename":"Product","approxPrice":false,"basicQuantityUnit":"KPL","comparisonPrice":2.35,"comparisonUnit":"PCE","consumerPackageSize":null,"consumerPackageUnit":null,"priceUnit":"KPL","quantityMultiplier":1,"brandName":"Rainbow","slug":"rainbow-iso-oljykynttila","isAgeLimitedByAlcohol":false,"frozen":false,"packagingLabels":[],"packagingLabelCodes":[],"hierarchyPath":[{"id":"1591691237793271","name":"Muut kynttilät ja kynttilätarvikkeet","slug":"sisustus-ja-kodintekstiilit/kynttilat/muut-kynttilat-ja-kynttilatarvikkeet","__typename":"HierarchyPathItem"},{"id":"1591691237793226","name":"Kynttilät","slug":"sisustus-ja-kodintekstiilit/kynttilat","__typename":"HierarchyPathItem"},{"id":"1591691237793209","name":"Sisustus ja kodintekstiilit","slug":"sisustus-ja-kodintekstiilit","__typename":"HierarchyPathItem"}],"isGlobalFallback":null,"countryName":{"fi":"Puola","__typename":"CountryName"}},{"id":"6415711053261","ean":"6415711053261","name":"Siivellinen ultraohut side, super, yksittäispakattu","price":1.79,"storeId":725782447,"__typename":"Product","approxPrice":false,"basicQuantityUnit":"KPL","comparisonPrice":0.15,"comparisonUnit":"PCE","consumerPackageSize":null,"consumerPackageUnit":null,"priceUnit":"KPL","quantityMultiplier":1,"brandName":"Rainbow","slug":"siivellinen-ultraohut-side-super-yksittaispakattu","isAgeLimitedByAlcohol":false,"frozen":false,"packagingLabels":[],"packagingLabelCodes":[],"hierarchyPath":[{"id":"1591691233571265","name":"Siteet","slug":"kosmetiikka-ja-hygienia/intiimihygienia-ja-intiimituotteet/siteet","__typename":"HierarchyPathItem"},{"id":"1591691233571247","name":"Intiimihygienia ja intiimituotteet","slug":"kosmetiikka-ja-hygienia/intiimihygienia-ja-intiimituotteet","__typename":"HierarchyPathItem"},{"id":"1591691233334707","name":"Kosmetiikka ja hygienia","slug":"kosmetiikka-ja-hygienia","__typename":"HierarchyPathItem"}],"isGlobalFallback":null,"countryName":{"fi":"Italia","__typename":"CountryName"}},{"id":"6415711053414","ean":"6415711053414","name":"Rainbow jätekassi 20l 25kpl valkoinen","price":1.49,"storeId":725782447,"__typename":"Product","approxPrice":false,"basicQuantityUnit":"KPL","comparisonPrice":0.06,"comparisonUnit":"PCE","consumerPackageSize":null,"consumerPackageUnit":null,"priceUnit":"KPL","quantityMultiplier":1,"brandName":"Rainbow","slug":"rainbow-jatekassi-20l-25kpl-valkoinen","isAgeLimitedByAlcohol":false,"frozen":false,"packagingLabels":[],"packagingLabelCodes":[],"hierarchyPath":[{"id":"1591691234699067","name":"Jätesäkit ja -kassit","slug":"kodinhoito-ja-taloustarvikkeet/muu-kodinhoito-ja-taloustarvikkeet/jatesakit-ja-kassit","__typename":"HierarchyPathItem"},{"id":"1591691234699051","name":"Muu kodinhoito ja taloustarvikkeet","slug":"kodinhoito-ja-taloustarvikkeet/muu-kodinhoito-ja-taloustarvikkeet","__typename":"HierarchyPathItem"},{"id":"1591691234596256","name":"Kodinhoito ja taloustarvikkeet","slug":"kodinhoito-ja-taloustarvikkeet","__typename":"HierarchyPathItem"}],"isGlobalFallback":null,"countryName":{"fi":"Kiina","__typename":"CountryName"}},{"id":"6415711053438","ean":"6415711053438","name":"Rainbow jätekassi 30l 25kpl musta","price":2.15,"storeId":725782447,"__typename":"Product","approxPrice":false,"basicQuantityUnit":"KPL","comparisonPrice":0.09,"comparisonUnit":"PCE","consumerPackageSize":null,"consumerPackageUnit":null,"priceUnit":"KPL","quantityMultiplier":1,"brandName":"Rainbow","slug":"rainbow-jatekassi-30l-25kpl-musta","isAgeLimitedByAlcohol":false,"frozen":false,"packagingLabels":[],"packagingLabelCodes":[],"hierarchyPath":[{"id":"1591691234699067","name":"Jätesäkit ja -kassit","slug":"kodinhoito-ja-taloustarvikkeet/muu-kodinhoito-ja-taloustarvikkeet/jatesakit-ja-kassit","__typename":"HierarchyPathItem"},{"id":"1591691234699051","name":"Muu kodinhoito ja taloustarvikkeet","slug":"kodinhoito-ja-taloustarvikkeet/muu-kodinhoito-ja-taloustarvikkeet","__typename":"HierarchyPathItem"},{"id":"1591691234596256","name":"Kodinhoito ja taloustarvikkeet","slug":"kodinhoito-ja-taloustarvikkeet","__typename":"HierarchyPathItem"}],"isGlobalFallback":null,"countryName":{"fi":"Kiina","__typename":"CountryName"}},{"id":"6415711053711","ean":"6415711053711","name":"Rainbow astianpesuharja","price":1.19,"storeId":725782447,"__typename":"Product","approxPrice":false,"basicQuantityUnit":"KPL","comparisonPrice":1.19,"comparisonUnit":"PCE","consumerPackageSize":null,"consumerPackageUnit":null,"priceUnit":"KPL","quantityMultiplier":1,"brandName":"Rainbow","slug":"rainbow-astianpesuharja","isAgeLimitedByAlcohol":false,"frozen":false,"packagingLabels":[],"packagingLabelCodes":[],"hierarchyPath":[{"id":"1591691234596270","name":"Tiskiharjat","slug":"kodinhoito-ja-taloustarvikkeet/astianpesu/tiskiharjat","__typename":"HierarchyPathItem"},{"id":"1591691234596262","name":"Astianpesu","slug":"kodinhoito-ja-taloustarvikkeet/astianpesu","__typename":"HierarchyPathItem"},{"id":"1591691234596256","name":"Kodinhoito ja taloustarvikkeet","slug":"kodinhoito-ja-taloustarvikkeet","__typename":"HierarchyPathItem"}],"isGlobalFallback":null,"countryName":null},{"id":"6415711053759","ean":"6415711053759","name":"Rainbow leivinarkki 38cmx42cm 24kpl","price":1.65,"storeId":725782447,"__typename":"Product","approxPrice":false,"basicQuantityUnit":"KPL","comparisonPrice":0.07,"comparisonUnit":"PCE","consumerPackageSize":null,"consumerPackageUnit":null,"priceUnit":"KPL","quantityMultiplier":1,"brandName":"Rainbow","slug":"rainbow-leivinarkki-38cmx42cm-24kpl","isAgeLimitedByAlcohol":false,"frozen":false,"packagingLabels":[],"packagingLabelCodes":[],"hierarchyPath":[{"id":"1591691234054959","name":"Leivinpaperit ja voipaperit","slug":"keittio-ja-kattaus/leivonta-ja-ruoanlaittotarvikkeet/leivinpaperit-ja-voipaperit","__typename":"HierarchyPathItem"},{"id":"1591691234054955","name":"Leivonta- ja ruoanlaittotarvikkeet","slug":"keittio-ja-kattaus/leivonta-ja-ruoanlaittotarvikkeet","__typename":"HierarchyPathItem"},{"id":"1591691234054950","name":"Keittiö ja kattaus","slug":"keittio-ja-kattaus","__typename":"HierarchyPathItem"}],"isGlobalFallback":null,"countryName":{"fi":"Saksa","__typename":"CountryName"}},{"id":"6415711053797","ean":"6415711053797","name":"Rainbow vahva alumiinifolio 40cmx10m","price":2.99,"storeId":725782447,"__typename":"Product","approxPrice":false,"basicQuantityUnit":"KPL","comparisonPrice":0.3,"comparisonUnit":"MTR","consumerPackageSize":null,"consumerPackageUnit":null,"priceUnit":"KPL","quantityMultiplier":1,"brandName":"Rainbow","slug":"rainbow-vahva-alumiinifolio-40cmx10m","isAgeLimitedByAlcohol":false,"frozen":false,"packagingLabels":[],"packagingLabelCodes":[],"hierarchyPath":null,"isGlobalFallback":null,"countryName":{"fi":"Tanska","__typename":"CountryName"}},{"id":"6415711053810","ean":"6415711053810","name":"Rainbow 300ml hiuskiinne super strong","price":3.19,"storeId":725782447,"__typename":"Product","approxPrice":false,"basicQuantityUnit":"KPL","comparisonPrice":10.63,"comparisonUnit":"LTR","consumerPackageSize":null,"consumerPackageUnit":null,"priceUnit":"KPL","quantityMultiplier":1,"brandName":"Rainbow","slug":"rainbow-300ml-hiuskiinne-super-strong","isAgeLimitedByAlcohol":false,"frozen":false,"packagingLabels":[],"packagingLabelCodes":[],"hierarchyPath":[{"id":"1591691233415304","name":"Hiuslakat","slug":"kosmetiikka-ja-hygienia/hiukset-ja-hiustenhoito/hiuslakat","__typename":"HierarchyPathItem"},{"id":"1591691233415300","name":"Hiukset ja hiustenhoito","slug":"kosmetiikka-ja-hygienia/hiukset-ja-hiustenhoito","__typename":"HierarchyPathItem"},{"id":"1591691233334707","name":"Kosmetiikka ja hygienia","slug":"kosmetiikka-ja-hygienia","__typename":"HierarchyPathItem"}],"isGlobalFallback":null,"countryName":{"fi":"Alankomaat","__typename":"CountryName"}},{"id":"6415711053834","ean":"6415711053834","name":"Rainbow 150ml muotovaahto","price":2.19,"storeId":725782447,"__typename":"Product","approxPrice":false,"basicQuantityUnit":"KPL","comparisonPrice":14.6,"comparisonUnit":"LTR","consumerPackageSize":null,"consumerPackageUnit":null,"priceUnit":"KPL","quantityMultiplier":1,"brandName":"Rainbow","slug":"rainbow-150ml-muotovaahto","isAgeLimitedByAlcohol":false,"frozen":false,"packagingLabels":[],"packagingLabelCodes":[],"hierarchyPath":[{"id":"1591691233415307","name":"Muut hiusten muotoilutuotteet","slug":"kosmetiikka-ja-hygienia/hiukset-ja-hiustenhoito/muut-hiusten-muotoilutuotteet","__typename":"HierarchyPathItem"},{"id":"1591691233415300","name":"Hiukset ja hiustenhoito","slug":"kosmetiikka-ja-hygienia/hiukset-ja-hiustenhoito","__typename":"HierarchyPathItem"},{"id":"1591691233334707","name":"Kosmetiikka ja hygienia","slug":"kosmetiikka-ja-hygienia","__typename":"HierarchyPathItem"}],"isGlobalFallback":null,"countryName":{"fi":"Alankomaat","__typename":"CountryName"}},{"id":"6415711054077","ean":"6415711054077","name":"Rainbow Pitkä pikkuhousunsuoja 28 kpl","price":1.79,"storeId":725782447,"__typename":"Product","approxPrice":false,"basicQuantityUnit":"KPL","comparisonPrice":0.06,"comparisonUnit":"PCE","consumerPackageSize":null,"consumerPackageUnit":null,"priceUnit":"KPL","quantityMultiplier":1,"brandName":"Rainbow","slug":"rainbow-pitka-pikkuhousunsuoja-28-kpl","isAgeLimitedByAlcohol":false,"frozen":false,"packagingLabels":[],"packagingLabelCodes":[],"hierarchyPath":[{"id":"1591691233571268","name":"Pikkuhousunsuojat","slug":"kosmetiikka-ja-hygienia/intiimihygienia-ja-intiimituotteet/pikkuhousunsuojat","__typename":"HierarchyPathItem"},{"id":"1591691233571247","name":"Intiimihygienia ja intiimituotteet","slug":"kosmetiikka-ja-hygienia/intiimihygienia-ja-intiimituotteet","__typename":"HierarchyPathItem"},{"id":"1591691233334707","name":"Kosmetiikka ja hygienia","slug":"kosmetiikka-ja-hygienia","__typename":"HierarchyPathItem"}],"isGlobalFallback":null,"countryName":{"fi":"Italia","__typename":"CountryName"}},{"id":"6415711055456","ean":"6415711055456","name":"Rainbow 40kpl Hand & Face kosteuspyyhe","price":1.69,"storeId":725782447,"__typename":"Product","approxPrice":false,"basicQuantityUnit":"KPL","comparisonPrice":0.04,"comparisonUnit":"PCE","consumerPackageSize":null,"consumerPackageUnit":null,"priceUnit":"KPL","quantityMultiplier":1,"brandName":"Rainbow","slug":"rainbow-40kpl-hand-and-face-kosteuspyyhe","isAgeLimitedByAlcohol":false,"frozen":false,"packagingLabels":[],"packagingLabelCodes":[],"hierarchyPath":[{"id":"1591691233334732","name":"Puhdistusliinat ja meikinpoisto","slug":"kosmetiikka-ja-hygienia/kasvojenhoito/puhdistusliinat-ja-meikinpoisto","__typename":"HierarchyPathItem"},{"id":"1591691233334725","name":"Kasvojenhoito","slug":"kosmetiikka-ja-hygienia/kasvojenhoito","__typename":"HierarchyPathItem"},{"id":"1591691233334707","name":"Kosmetiikka ja hygienia","slug":"kosmetiikka-ja-hygienia","__typename":"HierarchyPathItem"}],"isGlobalFallback":null,"countryName":{"fi":"Kiina","__typename":"CountryName"}},{"id":"6415711057184","ean":"6415711057184","name":"Rainbow leikattava kangaslaastari 75x6cm","price":1.15,"storeId":725782447,"__typename":"Product","approxPrice":false,"basicQuantityUnit":"KPL","comparisonPrice":1.15,"comparisonUnit":"PCE","consumerPackageSize":null,"consumerPackageUnit":null,"priceUnit":"KPL","quantityMultiplier":1,"brandName":"Rainbow","slug":"rainbow-leikattava-kangaslaastari-75x6cm","isAgeLimitedByAlcohol":false,"frozen":false,"packagingLabels":[],"packagingLabelCodes":[],"hierarchyPath":[{"id":"1591691233571282","name":"Laastarit ja haavanhoitotuotteet","slug":"kosmetiikka-ja-hygienia/intiimihygienia-ja-intiimituotteet/laastarit-ja-haavanhoitotuotteet","__typename":"HierarchyPathItem"},{"id":"1591691233571247","name":"Intiimihygienia ja intiimituotteet","slug":"kosmetiikka-ja-hygienia/intiimihygienia-ja-intiimituotteet","__typename":"HierarchyPathItem"},{"id":"1591691233334707","name":"Kosmetiikka ja hygienia","slug":"kosmetiikka-ja-hygienia","__typename":"HierarchyPathItem"}],"isGlobalFallback":null,"countryName":{"fi":"Italia","__typename":"CountryName"}},{"id":"6415711057276","ean":"6415711057276","name":"Rainbow laastari 3 kokoa 25kpl","price":1.15,"storeId":725782447,"__typename":"Product","approxPrice":false,"basicQuantityUnit":"KPL","comparisonPrice":0.05,"comparisonUnit":"PCE","consumerPackageSize":null,"consumerPackageUnit":null,"priceUnit":"KPL","quantityMultiplier":1,"brandName":"Rainbow","slug":"rainbow-laastari-3-kokoa-25kpl","isAgeLimitedByAlcohol":false,"frozen":false,"packagingLabels":[],"packagingLabelCodes":[],"hierarchyPath":[{"id":"1591691233571282","name":"Laastarit ja haavanhoitotuotteet","slug":"kosmetiikka-ja-hygienia/intiimihygienia-ja-intiimituotteet/laastarit-ja-haavanhoitotuotteet","__typename":"HierarchyPathItem"},{"id":"1591691233571247","name":"Intiimihygienia ja intiimituotteet","slug":"kosmetiikka-ja-hygienia/intiimihygienia-ja-intiimituotteet","__typename":"HierarchyPathItem"},{"id":"1591691233334707","name":"Kosmetiikka ja hygienia","slug":"kosmetiikka-ja-hygienia","__typename":"HierarchyPathItem"}],"isGlobalFallback":null,"countryName":{"fi":"Italia","__typename":"CountryName"}},{"id":"6415711070145","ean":"6415711070145","name":"Rainbow 10kpl Intimate kosteuspyyhe","price":1.99,"storeId":725782447,"__typename":"Product","approxPrice":false,"basicQuantityUnit":"KPL","comparisonPrice":0.2,"comparisonUnit":"PCE","consumerPackageSize":null,"consumerPackageUnit":null,"priceUnit":"KPL","quantityMultiplier":1,"brandName":"Rainbow","slug":"rainbow-10kpl-intimate-kosteuspyyhe","isAgeLimitedByAlcohol":false,"frozen":false,"packagingLabels":[],"packagingLabelCodes":[],"hierarchyPath":[{"id":"1591691233334732","name":"Puhdistusliinat ja meikinpoisto","slug":"kosmetiikka-ja-hygienia/kasvojenhoito/puhdistusliinat-ja-meikinpoisto","__typename":"HierarchyPathItem"},{"id":"1591691233334725","name":"Kasvojenhoito","slug":"kosmetiikka-ja-hygienia/kasvojenhoito","__typename":"HierarchyPathItem"},{"id":"1591691233334707","name":"Kosmetiikka ja hygienia","slug":"kosmetiikka-ja-hygienia","__typename":"HierarchyPathItem"}],"isGlobalFallback":null,"countryName":{"fi":"Kiina","__typename":"CountryName"}},{"id":"6415711115556","ean":"6415711115556","name":"Rainbow 6l kissanhiekka puupohjainen","price":3.9,"storeId":725782447,"__typename":"Product","approxPrice":false,"basicQuantityUnit":"KPL","comparisonPrice":0.65,"comparisonUnit":"LTR","consumerPackageSize":null,"consumerPackageUnit":null,"priceUnit":"KPL","quantityMultiplier":1,"brandName":"Rainbow","slug":"rainbow-6l-kissanhiekka-puupohjainen","isAgeLimitedByAlcohol":false,"frozen":false,"packagingLabels":[],"packagingLabelCodes":[],"hierarchyPath":[{"id":"Herkku_00000094","name":"Kissanhiekka","slug":"lemmikit-1/kissanhiekka","__typename":"HierarchyPathItem"},{"id":"Herkku_00000012","name":"Lemmikit","slug":"lemmikit-1","__typename":"HierarchyPathItem"}],"isGlobalFallback":null,"countryName":{"fi":"Suomi","__typename":"CountryName"}},{"id":"6415711164844","ean":"6415711164844","name":"Rainbow 250g rusinat","price":1.98,"storeId":725782447,"__typename":"Product","approxPrice":false,"basicQuantityUnit":"KPL","comparisonPrice":7.92,"comparisonUnit":"KGM","consumerPackageSize":null,"consumerPackageUnit":null,"priceUnit":"KPL","quantityMultiplier":1,"brandName":"Rainbow","slug":"rainbow-250g-rusinat","isAgeLimitedByAlcohol":false,"frozen":false,"packagingLabels":[],"packagingLabelCodes":[],"hierarchyPath":[{"id":"Herkku_00000306","name":"Kuivatut hedelmät ja marjat","slug":"kuivatuotteet-ja-leivonta-1/siemenet-pahkinat-ja-kuivatut-hedelmat/kuivatut-hedelmat-ja-marjat","__typename":"HierarchyPathItem"},{"id":"Herkku_00000050","name":"Siemenet, pähkinät ja kuivatut hedelmät","slug":"kuivatuotteet-ja-leivonta-1/siemenet-pahkinat-ja-kuivatut-hedelmat","__typename":"HierarchyPathItem"},{"id":"Herkku_00000007","name":"Kuivatuotteet ja leivonta","slug":"kuivatuotteet-ja-leivonta-1","__typename":"HierarchyPathItem"}],"isGlobalFallback":null,"countryName":{"fi":"Etelä-Afrikka","__typename":"CountryName"}},{"id":"6415711168101","ean":"6415711168101","name":"Rainbow 185g/100g tonnikalaa tomaattikastikkeessa","price":1.99,"storeId":725782447,"__typename":"Product","approxPrice":false,"basicQuantityUnit":"KPL","comparisonPrice":10.76,"comparisonUnit":"KGM","consumerPackageSize":null,"consumerPackageUnit":null,"priceUnit":"KPL","quantityMultiplier":1,"brandName":"Rainbow","slug":"rainbow-185g100g-tonnikalaa-tomaattikastikkeessa","isAgeLimitedByAlcohol":false,"frozen":false,"packagingLabels":[],"packagingLabelCodes":[],"hierarchyPath":[{"id":"Herkku_00000352","name":"Kala- ja äyriäissäilykkeet","slug":"kuivatuotteet-ja-leivonta-1/sailykkeet/kala-ja-ayriaissailykkeet","__typename":"HierarchyPathItem"},{"id":"Herkku_00000063","name":"Säilykkeet","slug":"kuivatuotteet-ja-leivonta-1/sailykkeet","__typename":"HierarchyPathItem"},{"id":"Herkku_00000007","name":"Kuivatuotteet ja leivonta","slug":"kuivatuotteet-ja-leivonta-1","__typename":"HierarchyPathItem"}],"isGlobalFallback":null,"countryName":{"fi":"Vietnam","__typename":"CountryName"}},{"id":"6415711168125","ean":"6415711168125","name":"Rainbow tonnikalaa mexicana 185/135g","price":1.99,"storeId":725782447,"__typename":"Product","approxPrice":false,"basicQuantityUnit":"KPL","comparisonPrice":10.76,"comparisonUnit":"KGM","consumerPackageSize":null,"consumerPackageUnit":null,"priceUnit":"KPL","quantityMultiplier":1,"brandName":"Rainbow","slug":"rainbow-tonnikalaa-mexicana-185135g","isAgeLimitedByAlcohol":false,"frozen":false,"packagingLabels":[],"packagingLabelCodes":[],"hierarchyPath":[{"id":"Herkku_00000352","name":"Kala- ja äyriäissäilykkeet","slug":"kuivatuotteet-ja-leivonta-1/sailykkeet/kala-ja-ayriaissailykkeet","__typename":"HierarchyPathItem"},{"id":"Herkku_00000063","name":"Säilykkeet","slug":"kuivatuotteet-ja-leivonta-1/sailykkeet","__typename":"HierarchyPathItem"},{"id":"Herkku_00000007","name":"Kuivatuotteet ja leivonta","slug":"kuivatuotteet-ja-leivonta-1","__typename":"HierarchyPathItem"}],"isGlobalFallback":null,"countryName":{"fi":"Vietnam","__typename":"CountryName"}},{"id":"6415711199914","ean":"6415711199914","name":"Rainbow Kloriitti 750 ml Original","price":1.89,"storeId":725782447,"__typename":"Product","approxPrice":false,"basicQuantityUnit":"KPL","comparisonPrice":2.52,"comparisonUnit":"LTR","consumerPackageSize":null,"consumerPackageUnit":null,"priceUnit":"KPL","quantityMultiplier":1,"brandName":"Rainbow","slug":"rainbow-kloriitti-750-ml-original","isAgeLimitedByAlcohol":false,"frozen":false,"packagingLabels":[],"packagingLabelCodes":[],"hierarchyPath":[{"id":"1591691234596340","name":"Keittiön puhdistusaineet","slug":"kodinhoito-ja-taloustarvikkeet/siivous-ja-puhdistusaineet/keittion-puhdistusaineet","__typename":"HierarchyPathItem"},{"id":"1591691234596327","name":"Siivous ja puhdistusaineet","slug":"kodinhoito-ja-taloustarvikkeet/siivous-ja-puhdistusaineet","__typename":"HierarchyPathItem"},{"id":"1591691234596256","name":"Kodinhoito ja taloustarvikkeet","slug":"kodinhoito-ja-taloustarvikkeet","__typename":"HierarchyPathItem"}],"isGlobalFallback":null,"countryName":{"fi":"Suomi","__typename":"CountryName"}},{"id":"6415711300549","ean":"6415711300549","name":"Rainbow 500ml nestesaippua Clouds","price":1.65,"storeId":725782447,"__typename":"Product","approxPrice":false,"basicQuantityUnit":"KPL","comparisonPrice":3.3,"comparisonUnit":"LTR","consumerPackageSize":null,"consumerPackageUnit":null,"priceUnit":"KPL","quantityMultiplier":1,"brandName":"Rainbow","slug":"rainbow-500ml-nestesaippua-clouds","isAgeLimitedByAlcohol":false,"frozen":false,"packagingLabels":[],"packagingLabelCodes":[],"hierarchyPath":[{"id":"1591691233415963","name":"Nestesaippuat","slug":"kosmetiikka-ja-hygienia/saippuat-ja-pesutarvikkeet/nestesaippuat","__typename":"HierarchyPathItem"},{"id":"1591691233415959","name":"Saippuat ja pesutarvikkeet","slug":"kosmetiikka-ja-hygienia/saippuat-ja-pesutarvikkeet","__typename":"HierarchyPathItem"},{"id":"1591691233334707","name":"Kosmetiikka ja hygienia","slug":"kosmetiikka-ja-hygienia","__typename":"HierarchyPathItem"}],"isGlobalFallback":null,"countryName":{"fi":"Puola","__typename":"CountryName"}},{"id":"6415711300556","ean":"6415711300556","name":"Rainbow 500ml nestesaippua Berries","price":1.65,"storeId":725782447,"__typename":"Product","approxPrice":false,"basicQuantityUnit":"KPL","comparisonPrice":3.3,"comparisonUnit":"LTR","consumerPackageSize":null,"consumerPackageUnit":null,"priceUnit":"KPL","quantityMultiplier":1,"brandName":"Rainbow","slug":"rainbow-500ml-nestesaippua-berries","isAgeLimitedByAlcohol":false,"frozen":false,"packagingLabels":[],"packagingLabelCodes":[],"hierarchyPath":[{"id":"1591691233415963","name":"Nestesaippuat","slug":"kosmetiikka-ja-hygienia/saippuat-ja-pesutarvikkeet/nestesaippuat","__typename":"HierarchyPathItem"},{"id":"1591691233415959","name":"Saippuat ja pesutarvikkeet","slug":"kosmetiikka-ja-hygienia/saippuat-ja-pesutarvikkeet","__typename":"HierarchyPathItem"},{"id":"1591691233334707","name":"Kosmetiikka ja hygienia","slug":"kosmetiikka-ja-hygienia","__typename":"HierarchyPathItem"}],"isGlobalFallback":null,"countryName":{"fi":"Puola","__typename":"CountryName"}},{"id":"6415711401956","ean":"6415711401956","name":"Rainbow hautakynttilä","price":1.15,"storeId":725782447,"__typename":"Product","approxPrice":false,"basicQuantityUnit":"KPL","comparisonPrice":1.15,"comparisonUnit":"PCE","consumerPackageSize":null,"consumerPackageUnit":null,"priceUnit":"KPL","quantityMultiplier":1,"brandName":"Rainbow","slug":"rainbow-hautakynttila","isAgeLimitedByAlcohol":false,"frozen":false,"packagingLabels":[],"packagingLabelCodes":[],"hierarchyPath":[{"id":"1591691237793266","name":"Hautakynttilät","slug":"sisustus-ja-kodintekstiilit/kynttilat/hautakynttilat","__typename":"HierarchyPathItem"},{"id":"1591691237793226","name":"Kynttilät","slug":"sisustus-ja-kodintekstiilit/kynttilat","__typename":"HierarchyPathItem"},{"id":"1591691237793209","name":"Sisustus ja kodintekstiilit","slug":"sisustus-ja-kodintekstiilit","__typename":"HierarchyPathItem"}],"isGlobalFallback":null,"countryName":{"fi":"Puola","__typename":"CountryName"}},{"id":"6415711403578","ean":"6415711403578","name":"Rainbow jätesäkki musta 150l 10kpl","price":2.79,"storeId":725782447,"__typename":"Product","approxPrice":false,"basicQuantityUnit":"KPL","comparisonPrice":0.28,"comparisonUnit":"PCE","consumerPackageSize":null,"consumerPackageUnit":null,"priceUnit":"KPL","quantityMultiplier":1,"brandName":"Rainbow","slug":"rainbow-jatesakki-musta-150l-10kpl","isAgeLimitedByAlcohol":false,"frozen":false,"packagingLabels":[],"packagingLabelCodes":[],"hierarchyPath":[{"id":"1591691234699067","name":"Jätesäkit ja -kassit","slug":"kodinhoito-ja-taloustarvikkeet/muu-kodinhoito-ja-taloustarvikkeet/jatesakit-ja-kassit","__typename":"HierarchyPathItem"},{"id":"1591691234699051","name":"Muu kodinhoito ja taloustarvikkeet","slug":"kodinhoito-ja-taloustarvikkeet/muu-kodinhoito-ja-taloustarvikkeet","__typename":"HierarchyPathItem"},{"id":"1591691234596256","name":"Kodinhoito ja taloustarvikkeet","slug":"kodinhoito-ja-taloustarvikkeet","__typename":"HierarchyPathItem"}],"isGlobalFallback":null,"countryName":{"fi":"Latvia","__typename":"CountryName"}},{"id":"6415711404018","ean":"6415711404018","name":"Rainbow iso ulkotuli 8-10h","price":3.55,"storeId":725782447,"__typename":"Product","approxPrice":false,"basicQuantityUnit":"KPL","comparisonPrice":3.55,"comparisonUnit":"PCE","consumerPackageSize":null,"consumerPackageUnit":null,"priceUnit":"KPL","quantityMultiplier":1,"brandName":"Rainbow","slug":"rainbow-iso-ulkotuli-8-10h","isAgeLimitedByAlcohol":false,"frozen":false,"packagingLabels":[],"packagingLabelCodes":[],"hierarchyPath":[{"id":"1591691237793267","name":"Ulkotulet ja ulkokynttilät","slug":"sisustus-ja-kodintekstiilit/kynttilat/ulkotulet-ja-ulkokynttilat","__typename":"HierarchyPathItem"},{"id":"1591691237793226","name":"Kynttilät","slug":"sisustus-ja-kodintekstiilit/kynttilat","__typename":"HierarchyPathItem"},{"id":"1591691237793209","name":"Sisustus ja kodintekstiilit","slug":"sisustus-ja-kodintekstiilit","__typename":"HierarchyPathItem"}],"isGlobalFallback":null,"countryName":{"fi":"Viro","__typename":"CountryName"}},{"id":"6415711406494","ean":"6415711406494","name":"Xtra ulkotuli 4 kpl","price":3.98,"storeId":725782447,"__typename":"Product","approxPrice":false,"basicQuantityUnit":"KPL","comparisonPrice":1,"comparisonUnit":"PCE","consumerPackageSize":null,"consumerPackageUnit":null,"priceUnit":"KPL","quantityMultiplier":1,"brandName":"X-tra","slug":"xtra-ulkotuli-4-kpl","isAgeLimitedByAlcohol":false,"frozen":false,"packagingLabels":[],"packagingLabelCodes":[],"hierarchyPath":[{"id":"1591691237793267","name":"Ulkotulet ja ulkokynttilät","slug":"sisustus-ja-kodintekstiilit/kynttilat/ulkotulet-ja-ulkokynttilat","__typename":"HierarchyPathItem"},{"id":"1591691237793226","name":"Kynttilät","slug":"sisustus-ja-kodintekstiilit/kynttilat","__typename":"HierarchyPathItem"},{"id":"1591691237793209","name":"Sisustus ja kodintekstiilit","slug":"sisustus-ja-kodintekstiilit","__typename":"HierarchyPathItem"}],"isGlobalFallback":null,"countryName":{"fi":"Viro","__typename":"CountryName"}},{"id":"6415711409105","ean":"6415711409105","name":"Rainbow 35g täysksylitolipastilli vahva mentoli","price":1.29,"storeId":725782447,"__typename":"Product","approxPrice":false,"basicQuantityUnit":"KPL","comparisonPrice":36.86,"comparisonUnit":"KGM","consumerPackageSize":null,"consumerPackageUnit":null,"priceUnit":"KPL","quantityMultiplier":1,"brandName":"Rainbow","slug":"rainbow-35g-taysksylitolipastilli-vahva-mentoli","isAgeLimitedByAlcohol":false,"frozen":false,"packagingLabels":[],"packagingLabelCodes":[],"hierarchyPath":[{"id":"Herkku_00000328","name":"Ksylitolipastillit","slug":"makeiset-ja-naposteltavat-1/pastillit/ksylitolipastillit","__typename":"HierarchyPathItem"},{"id":"Herkku_00000058","name":"Pastillit","slug":"makeiset-ja-naposteltavat-1/pastillit","__typename":"HierarchyPathItem"},{"id":"Herkku_00000009","name":"Makeiset ja naposteltavat","slug":"makeiset-ja-naposteltavat-1","__typename":"HierarchyPathItem"}],"isGlobalFallback":null,"countryName":{"fi":"Turkki","__typename":"CountryName"}},{"id":"6415711409631","ean":"6415711409631","name":"Rainbow hammasväliharja 30kpl","price":3.29,"storeId":725782447,"__typename":"Product","approxPrice":false,"basicQuantityUnit":"KPL","comparisonPrice":0.11,"comparisonUnit":"PCE","consumerPackageSize":null,"consumerPackageUnit":null,"priceUnit":"KPL","quantityMultiplier":1,"brandName":"Rainbow","slug":"rainbow-hammasvaliharja-30kpl","isAgeLimitedByAlcohol":false,"frozen":false,"packagingLabels":[],"packagingLabelCodes":[],"hierarchyPath":[{"id":"1591691233571232","name":"Hammaslangat, -tikut ja muut","slug":"kosmetiikka-ja-hygienia/suunhoito/hammaslangat-tikut-ja-muut","__typename":"HierarchyPathItem"},{"id":"1591691233571225","name":"Suunhoito","slug":"kosmetiikka-ja-hygienia/suunhoito","__typename":"HierarchyPathItem"},{"id":"1591691233334707","name":"Kosmetiikka ja hygienia","slug":"kosmetiikka-ja-hygienia","__typename":"HierarchyPathItem"}],"isGlobalFallback":null,"countryName":{"fi":"Saksa","__typename":"CountryName"}},{"id":"6415711410088","ean":"6415711410088","name":"Rainbow maitohappobakteeritabletti ravintolisä 40 g/100 tablettia","price":11.99,"storeId":725782447,"__typename":"Product","approxPrice":false,"basicQuantityUnit":"KPL","comparisonPrice":0.12,"comparisonUnit":"PCE","consumerPackageSize":null,"consumerPackageUnit":null,"priceUnit":"KPL","quantityMultiplier":1,"brandName":"Rainbow","slug":"rainbow-maitohappobakteeritabletti-ravintolisa-40-g100-tablettia","isAgeLimitedByAlcohol":false,"frozen":false,"packagingLabels":[],"packagingLabelCodes":[],"hierarchyPath":[{"id":"Herkku_00001056","name":"Maitohappobakt.,probiootit,prebiootit","slug":"luontaistuotteet-ja-lisaravinteet-1/vatsan-hyvinvointivalmisteet/maitohappobakt.probiootitprebiootit","__typename":"HierarchyPathItem"},{"id":"Herkku_00000179","name":"Vatsan hyvinvointivalmisteet","slug":"luontaistuotteet-ja-lisaravinteet-1/vatsan-hyvinvointivalmisteet","__typename":"HierarchyPathItem"},{"id":"Herkku_00000016","name":"Luontaistuotteet ja lisäravinteet","slug":"luontaistuotteet-ja-lisaravinteet-1","__typename":"HierarchyPathItem"}],"isGlobalFallback":null,"countryName":{"fi":"Suomi","__typename":"CountryName"}},{"id":"6415711410132","ean":"6415711410132","name":"Rainbow Hapankorppu 300g","price":1.69,"storeId":725782447,"__typename":"Product","approxPrice":false,"basicQuantityUnit":"KPL","comparisonPrice":5.63,"comparisonUnit":"KGM","consumerPackageSize":null,"consumerPackageUnit":null,"priceUnit":"KPL","quantityMultiplier":1,"brandName":"Rainbow","slug":"rainbow-hapankorppu-300g","isAgeLimitedByAlcohol":false,"frozen":false,"packagingLabels":[],"packagingLabelCodes":[],"hierarchyPath":[{"id":"Herkku_00000314","name":"Hapankorput","slug":"leivat-keksit-ja-leivonnaiset-1/nakkileivat-ja-hapankorput/hapankorput","__typename":"HierarchyPathItem"},{"id":"Herkku_00000052","name":"Näkkileivät ja hapankorput","slug":"leivat-keksit-ja-leivonnaiset-1/nakkileivat-ja-hapankorput","__typename":"HierarchyPathItem"},{"id":"Herkku_00000008","name":"Leivät, keksit ja leivonnaiset","slug":"leivat-keksit-ja-leivonnaiset-1","__typename":"HierarchyPathItem"}],"isGlobalFallback":null,"countryName":{"fi":"Suomi","__typename":"CountryName"}},{"id":"6415711410248","ean":"6415711410248","name":"Rainbow Hands puhdistuspyyhe 10 kpl","price":1.99,"storeId":725782447,"__typename":"Product","approxPrice":false,"basicQuantityUnit":"KPL","comparisonPrice":0.2,"comparisonUnit":"PCE","consumerPackageSize":null,"consumerPackageUnit":null,"priceUnit":"KPL","quantityMultiplier":1,"brandName":"Rainbow","slug":"rainbow-hands-puhdistuspyyhe-10-kpl","isAgeLimitedByAlcohol":false,"frozen":false,"packagingLabels":[],"packagingLabelCodes":[],"hierarchyPath":[{"id":"1591691233334732","name":"Puhdistusliinat ja meikinpoisto","slug":"kosmetiikka-ja-hygienia/kasvojenhoito/puhdistusliinat-ja-meikinpoisto","__typename":"HierarchyPathItem"},{"id":"1591691233334725","name":"Kasvojenhoito","slug":"kosmetiikka-ja-hygienia/kasvojenhoito","__typename":"HierarchyPathItem"},{"id":"1591691233334707","name":"Kosmetiikka ja hygienia","slug":"kosmetiikka-ja-hygienia","__typename":"HierarchyPathItem"}],"isGlobalFallback":null,"countryName":{"fi":"Kiina","__typename":"CountryName"}},{"id":"6415711423323","ean":"6415711423323","name":"Rainbow talouspaperi kuviollinen 4rl","price":3.79,"storeId":725782447,"__typename":"Product","approxPrice":false,"basicQuantityUnit":"KPL","comparisonPrice":0.95,"comparisonUnit":"PCE","consumerPackageSize":null,"consumerPackageUnit":null,"priceUnit":"KPL","quantityMultiplier":1,"brandName":"Rainbow","slug":"rainbow-talouspaperi-kuviollinen-4rl","isAgeLimitedByAlcohol":false,"frozen":false,"packagingLabels":[],"packagingLabelCodes":[],"hierarchyPath":[{"id":"1591691234596264","name":"Talouspaperit","slug":"kodinhoito-ja-taloustarvikkeet/kodin-paperit/talouspaperit","__typename":"HierarchyPathItem"},{"id":"1591691234596259","name":"Kodin paperit","slug":"kodinhoito-ja-taloustarvikkeet/kodin-paperit","__typename":"HierarchyPathItem"},{"id":"1591691234596256","name":"Kodinhoito ja taloustarvikkeet","slug":"kodinhoito-ja-taloustarvikkeet","__typename":"HierarchyPathItem"}],"isGlobalFallback":null,"countryName":{"fi":"Suomi","__typename":"CountryName"}},{"id":"6415711423330","ean":"6415711423330","name":"Rainbow talouspaperi 4rl valkoinen","price":3.99,"storeId":725782447,"__typename":"Product","approxPrice":false,"basicQuantityUnit":"KPL","comparisonPrice":1,"comparisonUnit":"PCE","consumerPackageSize":null,"consumerPackageUnit":null,"priceUnit":"KPL","quantityMultiplier":1,"brandName":"Rainbow","slug":"rainbow-talouspaperi-4rl-valkoinen","isAgeLimitedByAlcohol":false,"frozen":false,"packagingLabels":[],"packagingLabelCodes":[],"hierarchyPath":[{"id":"1591691234596264","name":"Talouspaperit","slug":"kodinhoito-ja-taloustarvikkeet/kodin-paperit/talouspaperit","__typename":"HierarchyPathItem"},{"id":"1591691234596259","name":"Kodin paperit","slug":"kodinhoito-ja-taloustarvikkeet/kodin-paperit","__typename":"HierarchyPathItem"},{"id":"1591691234596256","name":"Kodinhoito ja taloustarvikkeet","slug":"kodinhoito-ja-taloustarvikkeet","__typename":"HierarchyPathItem"}],"isGlobalFallback":null,"countryName":{"fi":"Suomi","__typename":"CountryName"}},{"id":"6415711423361","ean":"6415711423361","name":"Rainbow WC-paperi 8rl valkoinen","price":4.49,"storeId":725782447,"__typename":"Product","approxPrice":false,"basicQuantityUnit":"KPL","comparisonPrice":0.56,"comparisonUnit":"PCE","consumerPackageSize":null,"consumerPackageUnit":null,"priceUnit":"KPL","quantityMultiplier":1,"brandName":"Rainbow","slug":"rainbow-wc-paperi-8rl-valkoinen","isAgeLimitedByAlcohol":false,"frozen":false,"packagingLabels":["Pohjoismainen ympäristömerkki (Joutsen)"],"packagingLabelCodes":["SVANEN"],"hierarchyPath":[{"id":"1591691234596263","name":"Wc-paperit","slug":"kodinhoito-ja-taloustarvikkeet/kodin-paperit/wc-paperit","__typename":"HierarchyPathItem"},{"id":"1591691234596259","name":"Kodin paperit","slug":"kodinhoito-ja-taloustarvikkeet/kodin-paperit","__typename":"HierarchyPathItem"},{"id":"1591691234596256","name":"Kodinhoito ja taloustarvikkeet","slug":"kodinhoito-ja-taloustarvikkeet","__typename":"HierarchyPathItem"}],"isGlobalFallback":null,"countryName":{"fi":"Suomi","__typename":"CountryName"}},{"id":"6415711423477","ean":"6415711423477","name":"Rainbow super soft WC-paperi 6rl valkoinen","price":3.95,"storeId":725782447,"__typename":"Product","approxPrice":false,"basicQuantityUnit":"KPL","comparisonPrice":0.66,"comparisonUnit":"PCE","consumerPackageSize":null,"consumerPackageUnit":null,"priceUnit":"KPL","quantityMultiplier":1,"brandName":"Rainbow","slug":"rainbow-super-soft-wc-paperi-6rl-valkoinen","isAgeLimitedByAlcohol":false,"frozen":false,"packagingLabels":["Pohjoismainen ympäristömerkki (Joutsen)"],"packagingLabelCodes":["SVANEN"],"hierarchyPath":[{"id":"1591691234596263","name":"Wc-paperit","slug":"kodinhoito-ja-taloustarvikkeet/kodin-paperit/wc-paperit","__typename":"HierarchyPathItem"},{"id":"1591691234596259","name":"Kodin paperit","slug":"kodinhoito-ja-taloustarvikkeet/kodin-paperit","__typename":"HierarchyPathItem"},{"id":"1591691234596256","name":"Kodinhoito ja taloustarvikkeet","slug":"kodinhoito-ja-taloustarvikkeet","__typename":"HierarchyPathItem"}],"isGlobalFallback":null,"countryName":{"fi":"Suomi","__typename":"CountryName"}},{"id":"6415711425563","ean":"6415711425563","name":"Rainbow Tummasuklaa Kinuski-Merisuola 100g","price":1.59,"storeId":725782447,"__typename":"Product","approxPrice":false,"basicQuantityUnit":"KPL","comparisonPrice":15.9,"comparisonUnit":"KGM","consumerPackageSize":null,"consumerPackageUnit":null,"priceUnit":"KPL","quantityMultiplier":1,"brandName":"Rainbow","slug":"rainbow-tummasuklaa-kinuski-merisuola-100g","isAgeLimitedByAlcohol":false,"frozen":false,"packagingLabels":[],"packagingLabelCodes":[],"hierarchyPath":[{"id":"Herkku_00000334","name":"Suklaalevyt","slug":"makeiset-ja-naposteltavat-1/suklaat/suklaalevyt","__typename":"HierarchyPathItem"},{"id":"Herkku_00000060","name":"Suklaat","slug":"makeiset-ja-naposteltavat-1/suklaat","__typename":"HierarchyPathItem"},{"id":"Herkku_00000009","name":"Makeiset ja naposteltavat","slug":"makeiset-ja-naposteltavat-1","__typename":"HierarchyPathItem"}],"isGlobalFallback":null,"countryName":null},{"id":"6415711425723","ean":"6415711425723","name":"Rainbow 100g kanafilee, makupala koiralle","price":1.79,"storeId":725782447,"__typename":"Product","approxPrice":false,"basicQuantityUnit":"KPL","comparisonPrice":17.9,"comparisonUnit":"KGM","consumerPackageSize":null,"consumerPackageUnit":null,"priceUnit":"KPL","quantityMultiplier":1,"brandName":"Rainbow","slug":"rainbow-100g-kanafilee-makupala-koiralle","isAgeLimitedByAlcohol":false,"frozen":false,"packagingLabels":[],"packagingLabelCodes":[],"hierarchyPath":[{"id":"Herkku_00000540","name":"Koiran ajanvietetuotteet ja makupalat","slug":"lemmikit-1/koiranruoat/koiran-ajanvietetuotteet-ja-makupalat","__typename":"HierarchyPathItem"},{"id":"Herkku_00000102","name":"Koiranruoat","slug":"lemmikit-1/koiranruoat","__typename":"HierarchyPathItem"},{"id":"Herkku_00000012","name":"Lemmikit","slug":"lemmikit-1","__typename":"HierarchyPathItem"}],"isGlobalFallback":null,"countryName":{"fi":"Kiina","__typename":"CountryName"}},{"id":"6415711425778","ean":"6415711425778","name":"Rainbow 30kpl kanapurutikku, makupala koiralle","price":4.98,"storeId":725782447,"__typename":"Product","approxPrice":false,"basicQuantityUnit":"KPL","comparisonPrice":14.43,"comparisonUnit":"KGM","consumerPackageSize":null,"consumerPackageUnit":null,"priceUnit":"KPL","quantityMultiplier":1,"brandName":"Rainbow","slug":"rainbow-30kpl-kanapurutikku-makupala-koiralle","isAgeLimitedByAlcohol":false,"frozen":false,"packagingLabels":[],"packagingLabelCodes":[],"hierarchyPath":[{"id":"Herkku_00000540","name":"Koiran ajanvietetuotteet ja makupalat","slug":"lemmikit-1/koiranruoat/koiran-ajanvietetuotteet-ja-makupalat","__typename":"HierarchyPathItem"},{"id":"Herkku_00000102","name":"Koiranruoat","slug":"lemmikit-1/koiranruoat","__typename":"HierarchyPathItem"},{"id":"Herkku_00000012","name":"Lemmikit","slug":"lemmikit-1","__typename":"HierarchyPathItem"}],"isGlobalFallback":null,"countryName":{"fi":"Kiina","__typename":"CountryName"}},{"id":"6415711425792","ean":"6415711425792","name":"Rainbow puruluu koiralle 3kpl","price":2.39,"storeId":725782447,"__typename":"Product","approxPrice":false,"basicQuantityUnit":"KPL","comparisonPrice":17.7,"comparisonUnit":"KGM","consumerPackageSize":null,"consumerPackageUnit":null,"priceUnit":"KPL","quantityMultiplier":1,"brandName":"Rainbow","slug":"rainbow-puruluu-koiralle-3kpl","isAgeLimitedByAlcohol":false,"frozen":false,"packagingLabels":[],"packagingLabelCodes":[],"hierarchyPath":[{"id":"Herkku_00000540","name":"Koiran ajanvietetuotteet ja makupalat","slug":"lemmikit-1/koiranruoat/koiran-ajanvietetuotteet-ja-makupalat","__typename":"HierarchyPathItem"},{"id":"Herkku_00000102","name":"Koiranruoat","slug":"lemmikit-1/koiranruoat","__typename":"HierarchyPathItem"},{"id":"Herkku_00000012","name":"Lemmikit","slug":"lemmikit-1","__typename":"HierarchyPathItem"}],"isGlobalFallback":null,"countryName":{"fi":"Kiina","__typename":"CountryName"}},{"id":"6415711426348","ean":"6415711426348","name":"Kotimaista 700/470g punajuurikuutiot mausteliemessä","price":2.49,"storeId":725782447,"__typename":"Product","approxPrice":false,"basicQuantityUnit":"KPL","comparisonPrice":5.3,"comparisonUnit":"KGM","consumerPackageSize":null,"consumerPackageUnit":null,"priceUnit":"KPL","quantityMultiplier":1,"brandName":"Kotimaista","slug":"kotimaista-700470g-punajuurikuutiot-mausteliemessa","isAgeLimitedByAlcohol":false,"frozen":false,"packagingLabels":["Hyvää Suomesta (Sininen Joutsen)"],"packagingLabelCodes":["GOODS_FROM_FINLAND_BLUE_SWAN"],"hierarchyPath":[{"id":"Herkku_00000357","name":"Kasvissäilykkeet","slug":"kuivatuotteet-ja-leivonta-1/sailykkeet/kasvissailykkeet","__typename":"HierarchyPathItem"},{"id":"Herkku_00000063","name":"Säilykkeet","slug":"kuivatuotteet-ja-leivonta-1/sailykkeet","__typename":"HierarchyPathItem"},{"id":"Herkku_00000007","name":"Kuivatuotteet ja leivonta","slug":"kuivatuotteet-ja-leivonta-1","__typename":"HierarchyPathItem"}],"isGlobalFallback":null,"countryName":{"fi":"Suomi","__typename":"CountryName"}},{"id":"6415711437191","ean":"6415711437191","name":"Rainbow Color pyykinpesuneste värillisille tekstiileille 1l","price":3.15,"storeId":725782447,"__typename":"Product","approxPrice":false,"basicQuantityUnit":"KPL","comparisonPrice":3.15,"comparisonUnit":"LTR","consumerPackageSize":null,"consumerPackageUnit":null,"priceUnit":"KPL","quantityMultiplier":1,"brandName":"Rainbow","slug":"rainbow-color-pyykinpesuneste-varillisille-tekstiileille-1l","isAgeLimitedByAlcohol":false,"frozen":false,"packagingLabels":["Pohjoismainen ympäristömerkki (Joutsen)"],"packagingLabelCodes":["SVANEN"],"hierarchyPath":[{"id":"1591691234596332","name":"Pyykinpesuaineet","slug":"kodinhoito-ja-taloustarvikkeet/pyykinpesu/pyykinpesuaineet","__typename":"HierarchyPathItem"},{"id":"1591691234596326","name":"Pyykinpesu","slug":"kodinhoito-ja-taloustarvikkeet/pyykinpesu","__typename":"HierarchyPathItem"},{"id":"1591691234596256","name":"Kodinhoito ja taloustarvikkeet","slug":"kodinhoito-ja-taloustarvikkeet","__typename":"HierarchyPathItem"}],"isGlobalFallback":null,"countryName":{"fi":"Tanska","__typename":"CountryName"}},{"id":"6415711438594","ean":"6415711438594","name":"Rainbow Sensitive Color pyykinpesuneste värillisille tekstiileille","price":3.15,"storeId":725782447,"__typename":"Product","approxPrice":false,"basicQuantityUnit":"KPL","comparisonPrice":3.15,"comparisonUnit":"LTR","consumerPackageSize":null,"consumerPackageUnit":null,"priceUnit":"KPL","quantityMultiplier":1,"brandName":"Rainbow","slug":"rainbow-sensitive-color-pyykinpesuneste-varillisille-tekstiileille","isAgeLimitedByAlcohol":false,"frozen":false,"packagingLabels":["Pohjoismainen ympäristömerkki (Joutsen)"],"packagingLabelCodes":["SVANEN"],"hierarchyPath":[{"id":"1591691234596332","name":"Pyykinpesuaineet","slug":"kodinhoito-ja-taloustarvikkeet/pyykinpesu/pyykinpesuaineet","__typename":"HierarchyPathItem"},{"id":"1591691234596326","name":"Pyykinpesu","slug":"kodinhoito-ja-taloustarvikkeet/pyykinpesu","__typename":"HierarchyPathItem"},{"id":"1591691234596256","name":"Kodinhoito ja taloustarvikkeet","slug":"kodinhoito-ja-taloustarvikkeet","__typename":"HierarchyPathItem"}],"isGlobalFallback":null,"countryName":{"fi":"Tanska","__typename":"CountryName"}},{"id":"6415711442942","ean":"6415711442942","name":"Rainbow 100g kierretikku koiralle, sisältää kanaa ja turskaa","price":1.85,"storeId":725782447,"__typename":"Product","approxPrice":false,"basicQuantityUnit":"KPL","comparisonPrice":17.62,"comparisonUnit":"KGM","consumerPackageSize":null,"consumerPackageUnit":null,"priceUnit":"KPL","quantityMultiplier":1,"brandName":"Rainbow","slug":"rainbow-100g-kierretikku-koiralle-sisaltaa-kanaa-ja-turskaa","isAgeLimitedByAlcohol":false,"frozen":false,"packagingLabels":[],"packagingLabelCodes":[],"hierarchyPath":[{"id":"Herkku_00000540","name":"Koiran ajanvietetuotteet ja makupalat","slug":"lemmikit-1/koiranruoat/koiran-ajanvietetuotteet-ja-makupalat","__typename":"HierarchyPathItem"},{"id":"Herkku_00000102","name":"Koiranruoat","slug":"lemmikit-1/koiranruoat","__typename":"HierarchyPathItem"},{"id":"Herkku_00000012","name":"Lemmikit","slug":"lemmikit-1","__typename":"HierarchyPathItem"}],"isGlobalFallback":null,"countryName":{"fi":"Kiina","__typename":"CountryName"}},{"id":"6415711443567","ean":"6415711443567","name":"Rainbow puristeluu, makupala koiralle 4kpl","price":2.49,"storeId":725782447,"__typename":"Product","approxPrice":false,"basicQuantityUnit":"KPL","comparisonPrice":17.79,"comparisonUnit":"KGM","consumerPackageSize":null,"consumerPackageUnit":null,"priceUnit":"KPL","quantityMultiplier":1,"brandName":"Rainbow","slug":"rainbow-puristeluu-makupala-koiralle-4kpl","isAgeLimitedByAlcohol":false,"frozen":false,"packagingLabels":[],"packagingLabelCodes":[],"hierarchyPath":[{"id":"Herkku_00000540","name":"Koiran ajanvietetuotteet ja makupalat","slug":"lemmikit-1/koiranruoat/koiran-ajanvietetuotteet-ja-makupalat","__typename":"HierarchyPathItem"},{"id":"Herkku_00000102","name":"Koiranruoat","slug":"lemmikit-1/koiranruoat","__typename":"HierarchyPathItem"},{"id":"Herkku_00000012","name":"Lemmikit","slug":"lemmikit-1","__typename":"HierarchyPathItem"}],"isGlobalFallback":null,"countryName":{"fi":"Kiina","__typename":"CountryName"}},{"id":"6415711560769","ean":"6415711560769","name":"Rainbow 10l kissanhiekka paakkuuntuva valkoinen bentoniitti","price":8.2,"storeId":725782447,"__typename":"Product","approxPrice":false,"basicQuantityUnit":"KPL","comparisonPrice":0.82,"comparisonUnit":"LTR","consumerPackageSize":null,"consumerPackageUnit":null,"priceUnit":"KPL","quantityMultiplier":1,"brandName":"Rainbow","slug":"rainbow-10l-kissanhiekka-paakkuuntuva-valkoinen-bentoniitti","isAgeLimitedByAlcohol":false,"frozen":false,"packagingLabels":[],"packagingLabelCodes":[],"hierarchyPath":[{"id":"Herkku_00000094","name":"Kissanhiekka","slug":"lemmikit-1/kissanhiekka","__typename":"HierarchyPathItem"},{"id":"Herkku_00000012","name":"Lemmikit","slug":"lemmikit-1","__typename":"HierarchyPathItem"}],"isGlobalFallback":null,"countryName":null},{"id":"6415711561100","ean":"6415711561100","name":"Rainbow vauvan puhdistuspyyhe 72kpl","price":3.3,"storeId":725782447,"__typename":"Product","approxPrice":false,"basicQuantityUnit":"KPL","comparisonPrice":0.05,"comparisonUnit":"PCE","consumerPackageSize":null,"consumerPackageUnit":null,"priceUnit":"KPL","quantityMultiplier":1,"brandName":"Rainbow","slug":"rainbow-vauvan-puhdistuspyyhe-72kpl","isAgeLimitedByAlcohol":false,"frozen":false,"packagingLabels":[],"packagingLabelCodes":[],"hierarchyPath":[{"id":"1591691232339328","name":"Vauvan puhdistuspyyhkeet","slug":"lapset-1/puhdistus-ja-hygienia/vauvan-puhdistuspyyhkeet","__typename":"HierarchyPathItem"},{"id":"1591691232339326","name":"Puhdistus ja hygienia","slug":"lapset-1/puhdistus-ja-hygienia","__typename":"HierarchyPathItem"},{"id":"Herkku_00000010","name":"Lapset","slug":"lapset-1","__typename":"HierarchyPathItem"}],"isGlobalFallback":null,"countryName":{"fi":"Kiina","__typename":"CountryName"}},{"id":"6415711563364","ean":"6415711563364","name":"Rainbow 25kpl puhdistuspyyhe kasvoille hajusteeton","price":1.59,"storeId":725782447,"__typename":"Product","approxPrice":false,"basicQuantityUnit":"KPL","comparisonPrice":0.06,"comparisonUnit":"PCE","consumerPackageSize":null,"consumerPackageUnit":null,"priceUnit":"KPL","quantityMultiplier":1,"brandName":"Rainbow","slug":"rainbow-25kpl-puhdistuspyyhe-kasvoille-hajusteeton","isAgeLimitedByAlcohol":false,"frozen":false,"packagingLabels":[],"packagingLabelCodes":[],"hierarchyPath":[{"id":"1591691233334732","name":"Puhdistusliinat ja meikinpoisto","slug":"kosmetiikka-ja-hygienia/kasvojenhoito/puhdistusliinat-ja-meikinpoisto","__typename":"HierarchyPathItem"},{"id":"1591691233334725","name":"Kasvojenhoito","slug":"kosmetiikka-ja-hygienia/kasvojenhoito","__typename":"HierarchyPathItem"},{"id":"1591691233334707","name":"Kosmetiikka ja hygienia","slug":"kosmetiikka-ja-hygienia","__typename":"HierarchyPathItem"}],"isGlobalFallback":null,"countryName":{"fi":"Kiina","__typename":"CountryName"}},{"id":"6415711692927","ean":"6415711692927","name":"Rainbow 1l Black pyykinpesuneste","price":3.15,"storeId":725782447,"__typename":"Product","approxPrice":false,"basicQuantityUnit":"KPL","comparisonPrice":3.15,"comparisonUnit":"LTR","consumerPackageSize":null,"consumerPackageUnit":null,"priceUnit":"KPL","quantityMultiplier":1,"brandName":"Rainbow","slug":"rainbow-1l-black-pyykinpesuneste","isAgeLimitedByAlcohol":false,"frozen":false,"packagingLabels":["Pohjoismainen ympäristömerkki (Joutsen)"],"packagingLabelCodes":["SVANEN"],"hierarchyPath":[{"id":"1591691234596332","name":"Pyykinpesuaineet","slug":"kodinhoito-ja-taloustarvikkeet/pyykinpesu/pyykinpesuaineet","__typename":"HierarchyPathItem"},{"id":"1591691234596326","name":"Pyykinpesu","slug":"kodinhoito-ja-taloustarvikkeet/pyykinpesu","__typename":"HierarchyPathItem"},{"id":"1591691234596256","name":"Kodinhoito ja taloustarvikkeet","slug":"kodinhoito-ja-taloustarvikkeet","__typename":"HierarchyPathItem"}],"isGlobalFallback":null,"countryName":{"fi":"Tanska","__typename":"CountryName"}},{"id":"6415711693085","ean":"6415711693085","name":"Rainbow alkaliparisto AAA/LR03 1,5V 4 kpl","price":2.1,"storeId":725782447,"__typename":"Product","approxPrice":false,"basicQuantityUnit":"KPL","comparisonPrice":0.53,"comparisonUnit":"PCE","consumerPackageSize":null,"consumerPackageUnit":null,"priceUnit":"KPL","quantityMultiplier":1,"brandName":"Rainbow","slug":"rainbow-alkaliparisto-aaalr03-1-5v-4-kpl","isAgeLimitedByAlcohol":false,"frozen":false,"packagingLabels":[],"packagingLabelCodes":[],"hierarchyPath":null,"isGlobalFallback":null,"countryName":{"fi":"Kiina","__typename":"CountryName"}},{"id":"6415711693115","ean":"6415711693115","name":"Rainbow alkaliparisto AA/LR6 1,5V 4 kpl","price":2.1,"storeId":725782447,"__typename":"Product","approxPrice":false,"basicQuantityUnit":"KPL","comparisonPrice":0.53,"comparisonUnit":"PCE","consumerPackageSize":null,"consumerPackageUnit":null,"priceUnit":"KPL","quantityMultiplier":1,"brandName":"Rainbow","slug":"rainbow-alkaliparisto-aalr6-1-5v-4-kpl","isAgeLimitedByAlcohol":false,"frozen":false,"packagingLabels":[],"packagingLabelCodes":[],"hierarchyPath":null,"isGlobalFallback":null,"countryName":{"fi":"Kiina","__typename":"CountryName"}},{"id":"6415711693146","ean":"6415711693146","name":"Rainbow alkaliparisto C/2 LR14 2 kpl","price":2.45,"storeId":725782447,"__typename":"Product","approxPrice":false,"basicQuantityUnit":"KPL","comparisonPrice":1.23,"comparisonUnit":"PCE","consumerPackageSize":null,"consumerPackageUnit":null,"priceUnit":"KPL","quantityMultiplier":1,"brandName":"Rainbow","slug":"rainbow-alkaliparisto-c2-lr14-2-kpl","isAgeLimitedByAlcohol":false,"frozen":false,"packagingLabels":[],"packagingLabelCodes":[],"hierarchyPath":null,"isGlobalFallback":null,"countryName":{"fi":"Kiina","__typename":"CountryName"}},{"id":"6415711693177","ean":"6415711693177","name":"Rainbow alkaliparisto D/LR20 1,5V 2 kpl","price":3.35,"storeId":725782447,"__typename":"Product","approxPrice":false,"basicQuantityUnit":"KPL","comparisonPrice":1.68,"comparisonUnit":"PCE","consumerPackageSize":null,"consumerPackageUnit":null,"priceUnit":"KPL","quantityMultiplier":1,"brandName":"Rainbow","slug":"rainbow-alkaliparisto-dlr20-1-5v-2-kpl","isAgeLimitedByAlcohol":false,"frozen":false,"packagingLabels":[],"packagingLabelCodes":[],"hierarchyPath":null,"isGlobalFallback":null,"countryName":{"fi":"Kiina","__typename":"CountryName"}},{"id":"6415711693351","ean":"6415711693351","name":"Rainbow inkontinenssisuoja normal 12kpl","price":2.25,"storeId":725782447,"__typename":"Product","approxPrice":false,"basicQuantityUnit":"KPL","comparisonPrice":0.19,"comparisonUnit":"PCE","consumerPackageSize":null,"consumerPackageUnit":null,"priceUnit":"KPL","quantityMultiplier":1,"brandName":"Rainbow","slug":"rainbow-inkontinenssisuoja-normal-12kpl","isAgeLimitedByAlcohol":false,"frozen":false,"packagingLabels":[],"packagingLabelCodes":[],"hierarchyPath":[{"id":"1591691233571274","name":"Inkontinenssisuojat","slug":"kosmetiikka-ja-hygienia/intiimihygienia-ja-intiimituotteet/inkontinenssisuojat","__typename":"HierarchyPathItem"},{"id":"1591691233571247","name":"Intiimihygienia ja intiimituotteet","slug":"kosmetiikka-ja-hygienia/intiimihygienia-ja-intiimituotteet","__typename":"HierarchyPathItem"},{"id":"1591691233334707","name":"Kosmetiikka ja hygienia","slug":"kosmetiikka-ja-hygienia","__typename":"HierarchyPathItem"}],"isGlobalFallback":null,"countryName":{"fi":"Italia","__typename":"CountryName"}},{"id":"6415711693726","ean":"6415711693726","name":"Xtra Ultraohut siivellinen yöside 10 kpl","price":1.25,"storeId":725782447,"__typename":"Product","approxPrice":false,"basicQuantityUnit":"KPL","comparisonPrice":0.13,"comparisonUnit":"PCE","consumerPackageSize":null,"consumerPackageUnit":null,"priceUnit":"KPL","quantityMultiplier":1,"brandName":"Xtra","slug":"xtra-ultraohut-siivellinen-yoside-10-kpl","isAgeLimitedByAlcohol":false,"frozen":false,"packagingLabels":[],"packagingLabelCodes":[],"hierarchyPath":[{"id":"1591691233571265","name":"Siteet","slug":"kosmetiikka-ja-hygienia/intiimihygienia-ja-intiimituotteet/siteet","__typename":"HierarchyPathItem"},{"id":"1591691233571247","name":"Intiimihygienia ja intiimituotteet","slug":"kosmetiikka-ja-hygienia/intiimihygienia-ja-intiimituotteet","__typename":"HierarchyPathItem"},{"id":"1591691233334707","name":"Kosmetiikka ja hygienia","slug":"kosmetiikka-ja-hygienia","__typename":"HierarchyPathItem"}],"isGlobalFallback":null,"countryName":{"fi":"Puola","__typename":"CountryName"}},{"id":"6415711800544","ean":"6415711800544","name":"Rainbow Silky Soft WC-paperi 6rl","price":4.69,"storeId":725782447,"__typename":"Product","approxPrice":false,"basicQuantityUnit":"KPL","comparisonPrice":0.78,"comparisonUnit":"PCE","consumerPackageSize":null,"consumerPackageUnit":null,"priceUnit":"KPL","quantityMultiplier":1,"brandName":"Rainbow","slug":"rainbow-silky-soft-wc-paperi-6rl","isAgeLimitedByAlcohol":false,"frozen":false,"packagingLabels":[],"packagingLabelCodes":[],"hierarchyPath":[{"id":"1591691234596263","name":"Wc-paperit","slug":"kodinhoito-ja-taloustarvikkeet/kodin-paperit/wc-paperit","__typename":"HierarchyPathItem"},{"id":"1591691234596259","name":"Kodin paperit","slug":"kodinhoito-ja-taloustarvikkeet/kodin-paperit","__typename":"HierarchyPathItem"},{"id":"1591691234596256","name":"Kodinhoito ja taloustarvikkeet","slug":"kodinhoito-ja-taloustarvikkeet","__typename":"HierarchyPathItem"}],"isGlobalFallback":null,"countryName":{"fi":"Liettua","__typename":"CountryName"}},{"id":"6415711800933","ean":"6415711800933","name":"Rainbow All in 1 konetiskitabletti 30kpl","price":3.69,"storeId":725782447,"__typename":"Product","approxPrice":false,"basicQuantityUnit":"KPL","comparisonPrice":0.12,"comparisonUnit":"PCE","consumerPackageSize":null,"consumerPackageUnit":null,"priceUnit":"KPL","quantityMultiplier":1,"brandName":"Rainbow","slug":"rainbow-all-in-1-konetiskitabletti-30kpl","isAgeLimitedByAlcohol":false,"frozen":false,"packagingLabels":[],"packagingLabelCodes":[],"hierarchyPath":[{"id":"1591691234596269","name":"Konetiskiaineet","slug":"kodinhoito-ja-taloustarvikkeet/astianpesu/konetiskiaineet","__typename":"HierarchyPathItem"},{"id":"1591691234596262","name":"Astianpesu","slug":"kodinhoito-ja-taloustarvikkeet/astianpesu","__typename":"HierarchyPathItem"},{"id":"1591691234596256","name":"Kodinhoito ja taloustarvikkeet","slug":"kodinhoito-ja-taloustarvikkeet","__typename":"HierarchyPathItem"}],"isGlobalFallback":null,"countryName":{"fi":"Tanska","__typename":"CountryName"}},{"id":"6415711802296","ean":"6415711802296","name":"Rainbow hammaslankain 32 kpl","price":1.65,"storeId":725782447,"__typename":"Product","approxPrice":false,"basicQuantityUnit":"KPL","comparisonPrice":0.05,"comparisonUnit":"PCE","consumerPackageSize":null,"consumerPackageUnit":null,"priceUnit":"KPL","quantityMultiplier":1,"brandName":"Rainbow","slug":"rainbow-hammaslankain-32-kpl","isAgeLimitedByAlcohol":false,"frozen":false,"packagingLabels":[],"packagingLabelCodes":[],"hierarchyPath":[{"id":"1591691233571232","name":"Hammaslangat, -tikut ja muut","slug":"kosmetiikka-ja-hygienia/suunhoito/hammaslangat-tikut-ja-muut","__typename":"HierarchyPathItem"},{"id":"1591691233571225","name":"Suunhoito","slug":"kosmetiikka-ja-hygienia/suunhoito","__typename":"HierarchyPathItem"},{"id":"1591691233334707","name":"Kosmetiikka ja hygienia","slug":"kosmetiikka-ja-hygienia","__typename":"HierarchyPathItem"}],"isGlobalFallback":null,"countryName":{"fi":"Kiina","__typename":"CountryName"}},{"id":"6415711802388","ean":"6415711802388","name":"Rainbow ABCDE-moniviitamiiniporetabletti appelsiininmakuinen ravintolisä 3x20kpl/3x80g","price":3.95,"storeId":725782447,"__typename":"Product","approxPrice":false,"basicQuantityUnit":"KPL","comparisonPrice":0.07,"comparisonUnit":"PCE","consumerPackageSize":null,"consumerPackageUnit":null,"priceUnit":"KPL","quantityMultiplier":1,"brandName":"Rainbow","slug":"rainbow-abcde-moniviitamiiniporetabletti-appelsiininmakuinen-ravintolisa-3x20kpl3x80g","isAgeLimitedByAlcohol":false,"frozen":false,"packagingLabels":[],"packagingLabelCodes":[],"hierarchyPath":[{"id":"Herkku_00001044","name":"Monivitamiinit","slug":"luontaistuotteet-ja-lisaravinteet-1/vitamiinit/monivitamiinit","__typename":"HierarchyPathItem"},{"id":"Herkku_00000177","name":"Vitamiinit","slug":"luontaistuotteet-ja-lisaravinteet-1/vitamiinit","__typename":"HierarchyPathItem"},{"id":"Herkku_00000016","name":"Luontaistuotteet ja lisäravinteet","slug":"luontaistuotteet-ja-lisaravinteet-1","__typename":"HierarchyPathItem"}],"isGlobalFallback":null,"countryName":{"fi":"Unkari","__typename":"CountryName"}},{"id":"6415711802586","ean":"6415711802586","name":"Rainbow D3-vitamiini  25µg ravintolisä 66 g/120 purutablettia mansikan ja vadelman makuinen","price":3.55,"storeId":725782447,"__typename":"Product","approxPrice":false,"basicQuantityUnit":"KPL","comparisonPrice":0.03,"comparisonUnit":"PCE","consumerPackageSize":null,"consumerPackageUnit":null,"priceUnit":"KPL","quantityMultiplier":1,"brandName":"Rainbow","slug":"rainbow-d3-vitamiini-25g-ravintolisa-66-g120-purutablettia-mansikan-ja-vadelman-makuinen","isAgeLimitedByAlcohol":false,"frozen":false,"packagingLabels":[],"packagingLabelCodes":[],"hierarchyPath":[{"id":"Herkku_00001046","name":"D-vitamiinit","slug":"luontaistuotteet-ja-lisaravinteet-1/vitamiinit/d-vitamiinit","__typename":"HierarchyPathItem"},{"id":"Herkku_00000177","name":"Vitamiinit","slug":"luontaistuotteet-ja-lisaravinteet-1/vitamiinit","__typename":"HierarchyPathItem"},{"id":"Herkku_00000016","name":"Luontaistuotteet ja lisäravinteet","slug":"luontaistuotteet-ja-lisaravinteet-1","__typename":"HierarchyPathItem"}],"isGlobalFallback":null,"countryName":{"fi":"Unkari","__typename":"CountryName"}},{"id":"6415711802616","ean":"6415711802616","name":"Rainbow D3-vitamiini 50μg ravintolisä 66g/120 purutablettia mansikan- ja vadelmanmakuinen","price":3.95,"storeId":725782447,"__typename":"Product","approxPrice":false,"basicQuantityUnit":"KPL","comparisonPrice":0.03,"comparisonUnit":"PCE","consumerPackageSize":null,"consumerPackageUnit":null,"priceUnit":"KPL","quantityMultiplier":1,"brandName":"Rainbow","slug":"rainbow-d3-vitamiini-50mg-ravintolisa-66g120-purutablettia-mansikan-ja-vadelmanmakuinen","isAgeLimitedByAlcohol":false,"frozen":false,"packagingLabels":[],"packagingLabelCodes":[],"hierarchyPath":[{"id":"Herkku_00001046","name":"D-vitamiinit","slug":"luontaistuotteet-ja-lisaravinteet-1/vitamiinit/d-vitamiinit","__typename":"HierarchyPathItem"},{"id":"Herkku_00000177","name":"Vitamiinit","slug":"luontaistuotteet-ja-lisaravinteet-1/vitamiinit","__typename":"HierarchyPathItem"},{"id":"Herkku_00000016","name":"Luontaistuotteet ja lisäravinteet","slug":"luontaistuotteet-ja-lisaravinteet-1","__typename":"HierarchyPathItem"}],"isGlobalFallback":null,"countryName":{"fi":"Unkari","__typename":"CountryName"}},{"id":"6415711802883","ean":"6415711802883","name":"Rainbow maitohappobakteeri omenanmakuinen purutabletti ravintolisä 27,5 g/ 50 tablettia","price":5.99,"storeId":725782447,"__typename":"Product","approxPrice":false,"basicQuantityUnit":"KPL","comparisonPrice":0.12,"comparisonUnit":"PCE","consumerPackageSize":null,"consumerPackageUnit":null,"priceUnit":"KPL","quantityMultiplier":1,"brandName":"Rainbow","slug":"rainbow-maitohappobakteeri-omenanmakuinen-purutabletti-ravintolisa-27-5-g-50-tablettia","isAgeLimitedByAlcohol":false,"frozen":false,"packagingLabels":[],"packagingLabelCodes":[],"hierarchyPath":[{"id":"Herkku_00001056","name":"Maitohappobakt.,probiootit,prebiootit","slug":"luontaistuotteet-ja-lisaravinteet-1/vatsan-hyvinvointivalmisteet/maitohappobakt.probiootitprebiootit","__typename":"HierarchyPathItem"},{"id":"Herkku_00000179","name":"Vatsan hyvinvointivalmisteet","slug":"luontaistuotteet-ja-lisaravinteet-1/vatsan-hyvinvointivalmisteet","__typename":"HierarchyPathItem"},{"id":"Herkku_00000016","name":"Luontaistuotteet ja lisäravinteet","slug":"luontaistuotteet-ja-lisaravinteet-1","__typename":"HierarchyPathItem"}],"isGlobalFallback":null,"countryName":{"fi":"Suomi","__typename":"CountryName"}},{"id":"6415711802913","ean":"6415711802913","name":"Rainbow C-vitamiini 500mg ravintolisä suuri pitoisuus aikuisille 67,6 g/90 tablettia","price":5.45,"storeId":725782447,"__typename":"Product","approxPrice":false,"basicQuantityUnit":"KPL","comparisonPrice":0.06,"comparisonUnit":"PCE","consumerPackageSize":null,"consumerPackageUnit":null,"priceUnit":"KPL","quantityMultiplier":1,"brandName":"Rainbow","slug":"rainbow-c-vitamiini-500mg-ravintolisa-suuri-pitoisuus-aikuisille-67-6-g90-tablettia","isAgeLimitedByAlcohol":false,"frozen":false,"packagingLabels":[],"packagingLabelCodes":[],"hierarchyPath":[{"id":"Herkku_00001042","name":"C-vitamiinit","slug":"luontaistuotteet-ja-lisaravinteet-1/vitamiinit/c-vitamiinit","__typename":"HierarchyPathItem"},{"id":"Herkku_00000177","name":"Vitamiinit","slug":"luontaistuotteet-ja-lisaravinteet-1/vitamiinit","__typename":"HierarchyPathItem"},{"id":"Herkku_00000016","name":"Luontaistuotteet ja lisäravinteet","slug":"luontaistuotteet-ja-lisaravinteet-1","__typename":"HierarchyPathItem"}],"isGlobalFallback":null,"countryName":{"fi":"Kiina","__typename":"CountryName"}},{"id":"6415711803774","ean":"6415711803774","name":"Xtra 300g salsakastike keskivahva","price":1.69,"storeId":725782447,"__typename":"Product","approxPrice":false,"basicQuantityUnit":"KPL","comparisonPrice":5.63,"comparisonUnit":"KGM","consumerPackageSize":null,"consumerPackageUnit":null,"priceUnit":"KPL","quantityMultiplier":1,"brandName":"X-tra","slug":"xtra-300g-salsakastike-keskivahva","isAgeLimitedByAlcohol":false,"frozen":false,"packagingLabels":[],"packagingLabelCodes":[],"hierarchyPath":[{"id":"Herkku_00000466","name":"Tex-mex kastikkeet","slug":"oljyt-mausteet-maustaminen-1/tex-mex/tex-mex-kastikkeet","__typename":"HierarchyPathItem"},{"id":"StructureGroup_198285814629","name":"Tex mex","slug":"oljyt-mausteet-maustaminen-1/tex-mex","__typename":"HierarchyPathItem"},{"id":"Herkku_00000011","name":"Öljyt, mausteet, maustaminen","slug":"oljyt-mausteet-maustaminen-1","__typename":"HierarchyPathItem"}],"isGlobalFallback":null,"countryName":{"fi":"Belgia","__typename":"CountryName"}},{"id":"6415711803927","ean":"6415711803927","name":"Rainbow 2kg kuoritut auringonkukansiemenet ulkolinnuille","price":8.29,"storeId":725782447,"__typename":"Product","approxPrice":false,"basicQuantityUnit":"KPL","comparisonPrice":4.14,"comparisonUnit":"KGM","consumerPackageSize":null,"consumerPackageUnit":null,"priceUnit":"KPL","quantityMultiplier":1,"brandName":"Rainbow","slug":"rainbow-2kg-kuoritut-auringonkukansiemenet-ulkolinnuille","isAgeLimitedByAlcohol":false,"frozen":false,"packagingLabels":[],"packagingLabelCodes":[],"hierarchyPath":[{"id":"Herkku_00000543","name":"Ulkolintujen ruoat","slug":"lemmikit-1/muut-elainten-ruoat/ulkolintujen-ruoat","__typename":"HierarchyPathItem"},{"id":"Herkku_00000103","name":"Muut eläinten ruoat","slug":"lemmikit-1/muut-elainten-ruoat","__typename":"HierarchyPathItem"},{"id":"Herkku_00000012","name":"Lemmikit","slug":"lemmikit-1","__typename":"HierarchyPathItem"}],"isGlobalFallback":null,"countryName":{"fi":"Bulgaria","__typename":"CountryName"}},{"id":"6415711804245","ean":"6415711804245","name":"Kotimaista 260 g Majoneesi","price":1.99,"storeId":725782447,"__typename":"Product","approxPrice":false,"basicQuantityUnit":"KPL","comparisonPrice":7.65,"comparisonUnit":"KGM","consumerPackageSize":null,"consumerPackageUnit":null,"priceUnit":"KPL","quantityMultiplier":1,"brandName":"Kotimaista","slug":"kotimaista-260-g-majoneesi","isAgeLimitedByAlcohol":false,"frozen":false,"packagingLabels":[],"packagingLabelCodes":[],"hierarchyPath":[{"id":"Herkku_00000079","name":"Majoneesit ja majoneesikastikkeet","slug":"oljyt-mausteet-maustaminen-1/majoneesit-ja-majoneesikastikkeet","__typename":"HierarchyPathItem"},{"id":"Herkku_00000011","name":"Öljyt, mausteet, maustaminen","slug":"oljyt-mausteet-maustaminen-1","__typename":"HierarchyPathItem"}],"isGlobalFallback":null,"countryName":{"fi":"Suomi","__typename":"CountryName"}},{"id":"6415711804269","ean":"6415711804269","name":"Kotimaista 280 g Kevytmajoneesi","price":1.99,"storeId":725782447,"__typename":"Product","approxPrice":false,"basicQuantityUnit":"KPL","comparisonPrice":7.11,"comparisonUnit":"KGM","consumerPackageSize":null,"consumerPackageUnit":null,"priceUnit":"KPL","quantityMultiplier":1,"brandName":"Kotimaista","slug":"kotimaista-280-g-kevytmajoneesi","isAgeLimitedByAlcohol":false,"frozen":false,"packagingLabels":[],"packagingLabelCodes":[],"hierarchyPath":[{"id":"Herkku_00000079","name":"Majoneesit ja majoneesikastikkeet","slug":"oljyt-mausteet-maustaminen-1/majoneesit-ja-majoneesikastikkeet","__typename":"HierarchyPathItem"},{"id":"Herkku_00000011","name":"Öljyt, mausteet, maustaminen","slug":"oljyt-mausteet-maustaminen-1","__typename":"HierarchyPathItem"}],"isGlobalFallback":null,"countryName":{"fi":"Suomi","__typename":"CountryName"}},{"id":"6415711912902","ean":"6415711912902","name":"Rainbow 300g koiran patee naudanliha","price":0.99,"storeId":725782447,"__typename":"Product","approxPrice":false,"basicQuantityUnit":"KPL","comparisonPrice":3.3,"comparisonUnit":"KGM","consumerPackageSize":null,"consumerPackageUnit":null,"priceUnit":"KPL","quantityMultiplier":1,"brandName":"Rainbow","slug":"rainbow-300g-koiran-patee-naudanliha","isAgeLimitedByAlcohol":false,"frozen":false,"packagingLabels":[],"packagingLabelCodes":[],"hierarchyPath":[{"id":"Herkku_00000537","name":"Koiran kostea ruoka","slug":"lemmikit-1/koiranruoat/koiran-kostea-ruoka","__typename":"HierarchyPathItem"},{"id":"Herkku_00000102","name":"Koiranruoat","slug":"lemmikit-1/koiranruoat","__typename":"HierarchyPathItem"},{"id":"Herkku_00000012","name":"Lemmikit","slug":"lemmikit-1","__typename":"HierarchyPathItem"}],"isGlobalFallback":null,"countryName":{"fi":"Alankomaat","__typename":"CountryName"}},{"id":"6415711920457","ean":"6415711920457","name":"SOK JOULUMUOVIKASSI 40L HENKSELIKASSI","price":0.25,"storeId":725782447,"__typename":"Product","approxPrice":false,"basicQuantityUnit":"KPL","comparisonPrice":0.25,"comparisonUnit":"PCE","consumerPackageSize":null,"consumerPackageUnit":null,"priceUnit":"KPL","quantityMultiplier":1,"brandName":null,"slug":"sok-joulumuovikassi-40l-henkselikassi","isAgeLimitedByAlcohol":false,"frozen":false,"packagingLabels":[],"packagingLabelCodes":[],"hierarchyPath":null,"isGlobalFallback":null,"countryName":{"fi":"Suomi","__typename":"CountryName"}},{"id":"6415712000004","ean":"6415712000004","name":"Rainbow 150ml japanilainen soijakastike","price":2.09,"storeId":725782447,"__typename":"Product","approxPrice":false,"basicQuantityUnit":"KPL","comparisonPrice":13.93,"comparisonUnit":"LTR","consumerPackageSize":null,"consumerPackageUnit":null,"priceUnit":"KPL","quantityMultiplier":1,"brandName":"Rainbow","slug":"rainbow-150ml-japanilainen-soijakastike","isAgeLimitedByAlcohol":false,"frozen":false,"packagingLabels":[],"packagingLabelCodes":[],"hierarchyPath":[{"id":"Herkku_00000428","name":"Soijakastikkeet","slug":"oljyt-mausteet-maustaminen-1/maustekastikkeet-ja-tahnat/soijakastikkeet","__typename":"HierarchyPathItem"},{"id":"Herkku_00000078","name":"Maustekastikkeet ja tahnat","slug":"oljyt-mausteet-maustaminen-1/maustekastikkeet-ja-tahnat","__typename":"HierarchyPathItem"},{"id":"Herkku_00000011","name":"Öljyt, mausteet, maustaminen","slug":"oljyt-mausteet-maustaminen-1","__typename":"HierarchyPathItem"}],"isGlobalFallback":null,"countryName":{"fi":"Japani","__typename":"CountryName"}},{"id":"6415712000011","ean":"6415712000011","name":"Rainbow suolattu mikropopcorn 3X100g","price":1.59,"storeId":725782447,"__typename":"Product","approxPrice":false,"basicQuantityUnit":"KPL","comparisonPrice":5.3,"comparisonUnit":"KGM","consumerPackageSize":null,"consumerPackageUnit":null,"priceUnit":"KPL","quantityMultiplier":1,"brandName":"Rainbow","slug":"rainbow-suolattu-mikropopcorn-3x100g","isAgeLimitedByAlcohol":false,"frozen":false,"packagingLabels":[],"packagingLabelCodes":[],"hierarchyPath":[{"id":"Herkku_00000349","name":"Popcornit","slug":"makeiset-ja-naposteltavat-1/sipsit-ja-muut-naposteltavat/popcornit","__typename":"HierarchyPathItem"},{"id":"Herkku_00000062","name":"Sipsit ja muut naposteltavat","slug":"makeiset-ja-naposteltavat-1/sipsit-ja-muut-naposteltavat","__typename":"HierarchyPathItem"},{"id":"Herkku_00000009","name":"Makeiset ja naposteltavat","slug":"makeiset-ja-naposteltavat-1","__typename":"HierarchyPathItem"}],"isGlobalFallback":null,"countryName":{"fi":"Unkari","__typename":"CountryName"}},{"id":"6415712000080","ean":"6415712000080","name":"Rainbow 500g lasagnelevyt","price":2.25,"storeId":725782447,"__typename":"Product","approxPrice":false,"basicQuantityUnit":"KPL","comparisonPrice":4.5,"comparisonUnit":"KGM","consumerPackageSize":null,"consumerPackageUnit":null,"priceUnit":"KPL","quantityMultiplier":1,"brandName":"Rainbow","slug":"rainbow-500g-lasagnelevyt","isAgeLimitedByAlcohol":false,"frozen":false,"packagingLabels":[],"packagingLabelCodes":[],"hierarchyPath":[{"id":"Herkku_00000491","name":"Lasagnet","slug":"kuivatuotteet-ja-leivonta-1/riisit-pastat-ja-nuudelit/lasagnet","__typename":"HierarchyPathItem"},{"id":"Herkku_00000088","name":"Riisit, pastat ja nuudelit","slug":"kuivatuotteet-ja-leivonta-1/riisit-pastat-ja-nuudelit","__typename":"HierarchyPathItem"},{"id":"Herkku_00000007","name":"Kuivatuotteet ja leivonta","slug":"kuivatuotteet-ja-leivonta-1","__typename":"HierarchyPathItem"}],"isGlobalFallback":null,"countryName":{"fi":"Italia","__typename":"CountryName"}},{"id":"6415712000172","ean":"6415712000172","name":"Kotimaista 2kg Puolikarkea vehnäjauho","price":1.99,"storeId":725782447,"__typename":"Product","approxPrice":false,"basicQuantityUnit":"KPL","comparisonPrice":1,"comparisonUnit":"KGM","consumerPackageSize":null,"consumerPackageUnit":null,"priceUnit":"KPL","quantityMultiplier":1,"brandName":"Kotimaista","slug":"kotimaista-2kg-puolikarkea-vehnajauho","isAgeLimitedByAlcohol":false,"frozen":false,"packagingLabels":["Hyvää Suomesta (Sininen Joutsen)"," Kierrätysmerkki"],"packagingLabelCodes":["GOODS_FROM_FINLAND_BLUE_SWAN"," RECYCLABLE_GENERAL_CLAIM"],"hierarchyPath":[{"id":"1591691233688899","name":"Vehnäjauhot","slug":"kuivatuotteet-ja-leivonta-1/jauhot-ja-leivontaseokset/vehnajauhot","__typename":"HierarchyPathItem"},{"id":"Herkku_00000066","name":"Jauhot ja leivontaseokset","slug":"kuivatuotteet-ja-leivonta-1/jauhot-ja-leivontaseokset","__typename":"HierarchyPathItem"},{"id":"Herkku_00000007","name":"Kuivatuotteet ja leivonta","slug":"kuivatuotteet-ja-leivonta-1","__typename":"HierarchyPathItem"}],"isGlobalFallback":null,"countryName":{"fi":"Suomi","__typename":"CountryName"}},{"id":"6415712000233","ean":"6415712000233","name":"Kotimaista 2kg Sämpyläjauho","price":2.19,"storeId":725782447,"__typename":"Product","approxPrice":false,"basicQuantityUnit":"KPL","comparisonPrice":1.1,"comparisonUnit":"KGM","consumerPackageSize":null,"consumerPackageUnit":null,"priceUnit":"KPL","quantityMultiplier":1,"brandName":"Kotimaista","slug":"kotimaista-2kg-sampylajauho","isAgeLimitedByAlcohol":false,"frozen":false,"packagingLabels":["Hyvää Suomesta (Sininen Joutsen)"," Kierrätysmerkki"],"packagingLabelCodes":["GOODS_FROM_FINLAND_BLUE_SWAN"," RECYCLABLE_GENERAL_CLAIM"],"hierarchyPath":[{"id":"Herkku_00000372","name":"Jauhoseokset","slug":"kuivatuotteet-ja-leivonta-1/jauhot-ja-leivontaseokset/jauhoseokset","__typename":"HierarchyPathItem"},{"id":"Herkku_00000066","name":"Jauhot ja leivontaseokset","slug":"kuivatuotteet-ja-leivonta-1/jauhot-ja-leivontaseokset","__typename":"HierarchyPathItem"},{"id":"Herkku_00000007","name":"Kuivatuotteet ja leivonta","slug":"kuivatuotteet-ja-leivonta-1","__typename":"HierarchyPathItem"}],"isGlobalFallback":null,"countryName":{"fi":"Suomi","__typename":"CountryName"}},{"id":"6415712000431","ean":"6415712000431","name":"Rainbow Popcorn maissinjyvät 500 g","price":1.49,"storeId":725782447,"__typename":"Product","approxPrice":false,"basicQuantityUnit":"KPL","comparisonPrice":2.98,"comparisonUnit":"KGM","consumerPackageSize":null,"consumerPackageUnit":null,"priceUnit":"KPL","quantityMultiplier":1,"brandName":"Rainbow","slug":"rainbow-popcorn-maissinjyvat-500-g","isAgeLimitedByAlcohol":false,"frozen":false,"packagingLabels":[],"packagingLabelCodes":[],"hierarchyPath":[{"id":"Herkku_00000349","name":"Popcornit","slug":"makeiset-ja-naposteltavat-1/sipsit-ja-muut-naposteltavat/popcornit","__typename":"HierarchyPathItem"},{"id":"Herkku_00000062","name":"Sipsit ja muut naposteltavat","slug":"makeiset-ja-naposteltavat-1/sipsit-ja-muut-naposteltavat","__typename":"HierarchyPathItem"},{"id":"Herkku_00000009","name":"Makeiset ja naposteltavat","slug":"makeiset-ja-naposteltavat-1","__typename":"HierarchyPathItem"}],"isGlobalFallback":null,"countryName":{"fi":"Unkari","__typename":"CountryName"}},{"id":"6415712000479","ean":"6415712000479","name":"Rainbow 500g Tagliatelle nauhapasta","price":2.15,"storeId":725782447,"__typename":"Product","approxPrice":false,"basicQuantityUnit":"KPL","comparisonPrice":4.3,"comparisonUnit":"KGM","consumerPackageSize":null,"consumerPackageUnit":null,"priceUnit":"KPL","quantityMultiplier":1,"brandName":"Rainbow","slug":"rainbow-500g-tagliatelle-nauhapasta","isAgeLimitedByAlcohol":false,"frozen":false,"packagingLabels":[],"packagingLabelCodes":[],"hierarchyPath":[{"id":"Herkku_00000495","name":"Nauhapastat","slug":"kuivatuotteet-ja-leivonta-1/riisit-pastat-ja-nuudelit/nauhapastat","__typename":"HierarchyPathItem"},{"id":"Herkku_00000088","name":"Riisit, pastat ja nuudelit","slug":"kuivatuotteet-ja-leivonta-1/riisit-pastat-ja-nuudelit","__typename":"HierarchyPathItem"},{"id":"Herkku_00000007","name":"Kuivatuotteet ja leivonta","slug":"kuivatuotteet-ja-leivonta-1","__typename":"HierarchyPathItem"}],"isGlobalFallback":null,"countryName":{"fi":"Italia","__typename":"CountryName"}},{"id":"6415712000486","ean":"6415712000486","name":"Rainbow 500g Fusilli kuviopasta","price":1.45,"storeId":725782447,"__typename":"Product","approxPrice":false,"basicQuantityUnit":"KPL","comparisonPrice":2.9,"comparisonUnit":"KGM","consumerPackageSize":null,"consumerPackageUnit":null,"priceUnit":"KPL","quantityMultiplier":1,"brandName":"Rainbow","slug":"rainbow-500g-fusilli-kuviopasta","isAgeLimitedByAlcohol":false,"frozen":false,"packagingLabels":[],"packagingLabelCodes":[],"hierarchyPath":[{"id":"Herkku_00000493","name":"Kuviopastat","slug":"kuivatuotteet-ja-leivonta-1/riisit-pastat-ja-nuudelit/kuviopastat","__typename":"HierarchyPathItem"},{"id":"Herkku_00000088","name":"Riisit, pastat ja nuudelit","slug":"kuivatuotteet-ja-leivonta-1/riisit-pastat-ja-nuudelit","__typename":"HierarchyPathItem"},{"id":"Herkku_00000007","name":"Kuivatuotteet ja leivonta","slug":"kuivatuotteet-ja-leivonta-1","__typename":"HierarchyPathItem"}],"isGlobalFallback":null,"countryName":{"fi":"Italia","__typename":"CountryName"}},{"id":"6415712000493","ean":"6415712000493","name":"Rainbow 500g Penne Rigate kuviopasta","price":1.55,"storeId":725782447,"__typename":"Product","approxPrice":false,"basicQuantityUnit":"KPL","comparisonPrice":3.1,"comparisonUnit":"KGM","consumerPackageSize":null,"consumerPackageUnit":null,"priceUnit":"KPL","quantityMultiplier":1,"brandName":"Rainbow","slug":"rainbow-500g-penne-rigate-kuviopasta","isAgeLimitedByAlcohol":false,"frozen":false,"packagingLabels":[],"packagingLabelCodes":[],"hierarchyPath":[{"id":"Herkku_00000493","name":"Kuviopastat","slug":"kuivatuotteet-ja-leivonta-1/riisit-pastat-ja-nuudelit/kuviopastat","__typename":"HierarchyPathItem"},{"id":"Herkku_00000088","name":"Riisit, pastat ja nuudelit","slug":"kuivatuotteet-ja-leivonta-1/riisit-pastat-ja-nuudelit","__typename":"HierarchyPathItem"},{"id":"Herkku_00000007","name":"Kuivatuotteet ja leivonta","slug":"kuivatuotteet-ja-leivonta-1","__typename":"HierarchyPathItem"}],"isGlobalFallback":null,"countryName":{"fi":"Italia","__typename":"CountryName"}},{"id":"6415712000530","ean":"6415712000530","name":"Rainbow 500g Gnocchi kuviopasta","price":1.55,"storeId":725782447,"__typename":"Product","approxPrice":false,"basicQuantityUnit":"KPL","comparisonPrice":3.1,"comparisonUnit":"KGM","consumerPackageSize":null,"consumerPackageUnit":null,"priceUnit":"KPL","quantityMultiplier":1,"brandName":"Rainbow","slug":"rainbow-500g-gnocchi-kuviopasta","isAgeLimitedByAlcohol":false,"frozen":false,"packagingLabels":[],"packagingLabelCodes":[],"hierarchyPath":[{"id":"Herkku_00000493","name":"Kuviopastat","slug":"kuivatuotteet-ja-leivonta-1/riisit-pastat-ja-nuudelit/kuviopastat","__typename":"HierarchyPathItem"},{"id":"Herkku_00000088","name":"Riisit, pastat ja nuudelit","slug":"kuivatuotteet-ja-leivonta-1/riisit-pastat-ja-nuudelit","__typename":"HierarchyPathItem"},{"id":"Herkku_00000007","name":"Kuivatuotteet ja leivonta","slug":"kuivatuotteet-ja-leivonta-1","__typename":"HierarchyPathItem"}],"isGlobalFallback":null,"countryName":{"fi":"Italia","__typename":"CountryName"}},{"id":"6415712000592","ean":"6415712000592","name":"Rainbow Jasmiiniriisi 1 kg","price":2.85,"storeId":725782447,"__typename":"Product","approxPrice":false,"basicQuantityUnit":"KPL","comparisonPrice":2.85,"comparisonUnit":"KGM","consumerPackageSize":null,"consumerPackageUnit":null,"priceUnit":"KPL","quantityMultiplier":1,"brandName":"Rainbow","slug":"rainbow-jasmiiniriisi-1-kg","isAgeLimitedByAlcohol":false,"frozen":false,"packagingLabels":[],"packagingLabelCodes":[],"hierarchyPath":[{"id":"Herkku_00000479","name":"Jasmiiniriisit","slug":"kuivatuotteet-ja-leivonta-1/riisit-pastat-ja-nuudelit/jasmiiniriisit","__typename":"HierarchyPathItem"},{"id":"Herkku_00000088","name":"Riisit, pastat ja nuudelit","slug":"kuivatuotteet-ja-leivonta-1/riisit-pastat-ja-nuudelit","__typename":"HierarchyPathItem"},{"id":"Herkku_00000007","name":"Kuivatuotteet ja leivonta","slug":"kuivatuotteet-ja-leivonta-1","__typename":"HierarchyPathItem"}],"isGlobalFallback":null,"countryName":{"fi":"Kambodža","__typename":"CountryName"}},{"id":"6415712000608","ean":"6415712000608","name":"Rainbow 1kg basmatiriisi","price":3.25,"storeId":725782447,"__typename":"Product","approxPrice":false,"basicQuantityUnit":"KPL","comparisonPrice":3.25,"comparisonUnit":"KGM","consumerPackageSize":null,"consumerPackageUnit":null,"priceUnit":"KPL","quantityMultiplier":1,"brandName":"Rainbow","slug":"rainbow-1kg-basmatiriisi","isAgeLimitedByAlcohol":false,"frozen":false,"packagingLabels":[],"packagingLabelCodes":[],"hierarchyPath":[{"id":"Herkku_00000485","name":"Basmatiriisit","slug":"kuivatuotteet-ja-leivonta-1/riisit-pastat-ja-nuudelit/basmatiriisit","__typename":"HierarchyPathItem"},{"id":"Herkku_00000088","name":"Riisit, pastat ja nuudelit","slug":"kuivatuotteet-ja-leivonta-1/riisit-pastat-ja-nuudelit","__typename":"HierarchyPathItem"},{"id":"Herkku_00000007","name":"Kuivatuotteet ja leivonta","slug":"kuivatuotteet-ja-leivonta-1","__typename":"HierarchyPathItem"}],"isGlobalFallback":null,"countryName":null},{"id":"6415712000714","ean":"6415712000714","name":"Kotimaista perunajauho 500g","price":1.09,"storeId":725782447,"__typename":"Product","approxPrice":false,"basicQuantityUnit":"KPL","comparisonPrice":2.18,"comparisonUnit":"KGM","consumerPackageSize":null,"consumerPackageUnit":null,"priceUnit":"KPL","quantityMultiplier":1,"brandName":"Kotimaista","slug":"kotimaista-perunajauho-500g","isAgeLimitedByAlcohol":false,"frozen":false,"packagingLabels":["Hyvää Suomesta (Sininen Joutsen)"],"packagingLabelCodes":["GOODS_FROM_FINLAND_BLUE_SWAN"],"hierarchyPath":[{"id":"Herkku_00000379","name":"Tärkkelykset","slug":"kuivatuotteet-ja-leivonta-1/jauhot-ja-leivontaseokset/tarkkelykset","__typename":"HierarchyPathItem"},{"id":"Herkku_00000066","name":"Jauhot ja leivontaseokset","slug":"kuivatuotteet-ja-leivonta-1/jauhot-ja-leivontaseokset","__typename":"HierarchyPathItem"},{"id":"Herkku_00000007","name":"Kuivatuotteet ja leivonta","slug":"kuivatuotteet-ja-leivonta-1","__typename":"HierarchyPathItem"}],"isGlobalFallback":null,"countryName":{"fi":"Suomi","__typename":"CountryName"}},{"id":"6415712000813","ean":"6415712000813","name":"Kotimaista 1kg Kaurahiutale","price":1.55,"storeId":725782447,"__typename":"Product","approxPrice":false,"basicQuantityUnit":"KPL","comparisonPrice":1.55,"comparisonUnit":"KGM","consumerPackageSize":null,"consumerPackageUnit":null,"priceUnit":"KPL","quantityMultiplier":1,"brandName":"Kotimaista","slug":"kotimaista-1kg-kaurahiutale","isAgeLimitedByAlcohol":false,"frozen":false,"packagingLabels":["Hyvää Suomesta (Sininen Joutsen)"," Sydänmerkki"],"packagingLabelCodes":["FINNISH_HEART_SYMBOL"," GOODS_FROM_FINLAND_BLUE_SWAN"],"hierarchyPath":[{"id":"Herkku_00000501","name":"Kaurahiutaleet","slug":"kuivatuotteet-ja-leivonta-1/hiutaleet-murot-ja-myslit/kaurahiutaleet","__typename":"HierarchyPathItem"},{"id":"Herkku_00000053","name":"Hiutaleet, murot ja myslit","slug":"kuivatuotteet-ja-leivonta-1/hiutaleet-murot-ja-myslit","__typename":"HierarchyPathItem"},{"id":"Herkku_00000007","name":"Kuivatuotteet ja leivonta","slug":"kuivatuotteet-ja-leivonta-1","__typename":"HierarchyPathItem"}],"isGlobalFallback":null,"countryName":{"fi":"Suomi","__typename":"CountryName"}},{"id":"6415712000844","ean":"6415712000844","name":"Rainbow 500g  marjainen muromysli","price":3.99,"storeId":725782447,"__typename":"Product","approxPrice":false,"basicQuantityUnit":"KPL","comparisonPrice":7.98,"comparisonUnit":"KGM","consumerPackageSize":null,"consumerPackageUnit":null,"priceUnit":"KPL","quantityMultiplier":1,"brandName":"Rainbow","slug":"rainbow-500g-marjainen-muromysli","isAgeLimitedByAlcohol":false,"frozen":false,"packagingLabels":[],"packagingLabelCodes":[],"hierarchyPath":[{"id":"Herkku_00000317","name":"Myslit","slug":"kuivatuotteet-ja-leivonta-1/hiutaleet-murot-ja-myslit/myslit","__typename":"HierarchyPathItem"},{"id":"Herkku_00000053","name":"Hiutaleet, murot ja myslit","slug":"kuivatuotteet-ja-leivonta-1/hiutaleet-murot-ja-myslit","__typename":"HierarchyPathItem"},{"id":"Herkku_00000007","name":"Kuivatuotteet ja leivonta","slug":"kuivatuotteet-ja-leivonta-1","__typename":"HierarchyPathItem"}],"isGlobalFallback":null,"countryName":{"fi":"Saksa","__typename":"CountryName"}},{"id":"6415712000912","ean":"6415712000912","name":"Rainbow Hampurilaiskastike 260g","price":1.99,"storeId":725782447,"__typename":"Product","approxPrice":false,"basicQuantityUnit":"KPL","comparisonPrice":7.65,"comparisonUnit":"KGM","consumerPackageSize":null,"consumerPackageUnit":null,"priceUnit":"KPL","quantityMultiplier":1,"brandName":"Rainbow","slug":"rainbow-hampurilaiskastike-260g","isAgeLimitedByAlcohol":false,"frozen":false,"packagingLabels":[],"packagingLabelCodes":[],"hierarchyPath":[{"id":"Herkku_00000421","name":"Ateriakastikkeet","slug":"oljyt-mausteet-maustaminen-1/maustekastikkeet-ja-tahnat/ateriakastikkeet","__typename":"HierarchyPathItem"},{"id":"Herkku_00000078","name":"Maustekastikkeet ja tahnat","slug":"oljyt-mausteet-maustaminen-1/maustekastikkeet-ja-tahnat","__typename":"HierarchyPathItem"},{"id":"Herkku_00000011","name":"Öljyt, mausteet, maustaminen","slug":"oljyt-mausteet-maustaminen-1","__typename":"HierarchyPathItem"}],"isGlobalFallback":null,"countryName":{"fi":"Suomi","__typename":"CountryName"}},{"id":"6415712000936","ean":"6415712000936","name":"Rainbow 120g lihaliemikuutio 12kpl","price":1.09,"storeId":725782447,"__typename":"Product","approxPrice":false,"basicQuantityUnit":"KPL","comparisonPrice":9.08,"comparisonUnit":"KGM","consumerPackageSize":null,"consumerPackageUnit":null,"priceUnit":"KPL","quantityMultiplier":1,"brandName":"Rainbow","slug":"rainbow-120g-lihaliemikuutio-12kpl","isAgeLimitedByAlcohol":false,"frozen":false,"packagingLabels":[],"packagingLabelCodes":[],"hierarchyPath":[{"id":"Herkku_00000411","name":"Lihaliemet","slug":"oljyt-mausteet-maustaminen-1/liemivalmisteet-ja-fondit/lihaliemet","__typename":"HierarchyPathItem"},{"id":"Herkku_00000074","name":"Liemivalmisteet ja fondit","slug":"oljyt-mausteet-maustaminen-1/liemivalmisteet-ja-fondit","__typename":"HierarchyPathItem"},{"id":"Herkku_00000011","name":"Öljyt, mausteet, maustaminen","slug":"oljyt-mausteet-maustaminen-1","__typename":"HierarchyPathItem"}],"isGlobalFallback":null,"countryName":{"fi":"Espanja","__typename":"CountryName"}},{"id":"6415712000943","ean":"6415712000943","name":"Rainbow 10x12g kasvisliemikuutio","price":1.09,"storeId":725782447,"__typename":"Product","approxPrice":false,"basicQuantityUnit":"KPL","comparisonPrice":9.08,"comparisonUnit":"KGM","consumerPackageSize":null,"consumerPackageUnit":null,"priceUnit":"KPL","quantityMultiplier":1,"brandName":"Rainbow","slug":"rainbow-10x12g-kasvisliemikuutio","isAgeLimitedByAlcohol":false,"frozen":false,"packagingLabels":[],"packagingLabelCodes":[],"hierarchyPath":[{"id":"Herkku_00000408","name":"Kasvisliemet","slug":"oljyt-mausteet-maustaminen-1/liemivalmisteet-ja-fondit/kasvisliemet","__typename":"HierarchyPathItem"},{"id":"Herkku_00000074","name":"Liemivalmisteet ja fondit","slug":"oljyt-mausteet-maustaminen-1/liemivalmisteet-ja-fondit","__typename":"HierarchyPathItem"},{"id":"Herkku_00000011","name":"Öljyt, mausteet, maustaminen","slug":"oljyt-mausteet-maustaminen-1","__typename":"HierarchyPathItem"}],"isGlobalFallback":null,"countryName":{"fi":"Espanja","__typename":"CountryName"}},{"id":"6415712000967","ean":"6415712000967","name":"Rainbow 100g pikakahvi","price":3.15,"storeId":725782447,"__typename":"Product","approxPrice":false,"basicQuantityUnit":"KPL","comparisonPrice":31.5,"comparisonUnit":"KGM","consumerPackageSize":null,"consumerPackageUnit":null,"priceUnit":"KPL","quantityMultiplier":1,"brandName":"Rainbow","slug":"rainbow-100g-pikakahvi","isAgeLimitedByAlcohol":false,"frozen":false,"packagingLabels":[],"packagingLabelCodes":[],"hierarchyPath":[{"id":"1591691250893282","name":"Pikakahvit","slug":"juomat-1/kahvit-ja-suodatinpaperit/pikakahvit","__typename":"HierarchyPathItem"},{"id":"Herkku_00000089","name":"Kahvit ja suodatinpaperit","slug":"juomat-1/kahvit-ja-suodatinpaperit","__typename":"HierarchyPathItem"},{"id":"Herkku_00000005","name":"Juomat","slug":"juomat-1","__typename":"HierarchyPathItem"}],"isGlobalFallback":null,"countryName":{"fi":"Saksa","__typename":"CountryName"}},{"id":"6415712001001","ean":"6415712001001","name":"Rainbow 435g Sweet & Sour ateriakastike","price":1.89,"storeId":725782447,"__typename":"Product","approxPrice":false,"basicQuantityUnit":"KPL","comparisonPrice":4.34,"comparisonUnit":"KGM","consumerPackageSize":null,"consumerPackageUnit":null,"priceUnit":"KPL","quantityMultiplier":1,"brandName":"Rainbow","slug":"rainbow-435g-sweet-and-sour-ateriakastike","isAgeLimitedByAlcohol":false,"frozen":false,"packagingLabels":[],"packagingLabelCodes":[],"hierarchyPath":[{"id":"Herkku_00000421","name":"Ateriakastikkeet","slug":"oljyt-mausteet-maustaminen-1/maustekastikkeet-ja-tahnat/ateriakastikkeet","__typename":"HierarchyPathItem"},{"id":"Herkku_00000078","name":"Maustekastikkeet ja tahnat","slug":"oljyt-mausteet-maustaminen-1/maustekastikkeet-ja-tahnat","__typename":"HierarchyPathItem"},{"id":"Herkku_00000011","name":"Öljyt, mausteet, maustaminen","slug":"oljyt-mausteet-maustaminen-1","__typename":"HierarchyPathItem"}],"isGlobalFallback":null,"countryName":{"fi":"Belgia","__typename":"CountryName"}},{"id":"6415712001025","ean":"6415712001025","name":"Rainbow Pesto alla Genovese 190g","price":2.15,"storeId":725782447,"__typename":"Product","approxPrice":false,"basicQuantityUnit":"KPL","comparisonPrice":11.32,"comparisonUnit":"KGM","consumerPackageSize":null,"consumerPackageUnit":null,"priceUnit":"KPL","quantityMultiplier":1,"brandName":"Rainbow","slug":"rainbow-pesto-alla-genovese-190g","isAgeLimitedByAlcohol":false,"frozen":false,"packagingLabels":[],"packagingLabelCodes":[],"hierarchyPath":[{"id":"Herkku_00000427","name":"Pestokastikkeet","slug":"oljyt-mausteet-maustaminen-1/maustekastikkeet-ja-tahnat/pestokastikkeet","__typename":"HierarchyPathItem"},{"id":"Herkku_00000078","name":"Maustekastikkeet ja tahnat","slug":"oljyt-mausteet-maustaminen-1/maustekastikkeet-ja-tahnat","__typename":"HierarchyPathItem"},{"id":"Herkku_00000011","name":"Öljyt, mausteet, maustaminen","slug":"oljyt-mausteet-maustaminen-1","__typename":"HierarchyPathItem"}],"isGlobalFallback":null,"countryName":{"fi":"Italia","__typename":"CountryName"}},{"id":"6415712001032","ean":"6415712001032","name":"Rainbow 190g Pesto Rosso","price":2.15,"storeId":725782447,"__typename":"Product","approxPrice":false,"basicQuantityUnit":"KPL","comparisonPrice":11.32,"comparisonUnit":"KGM","consumerPackageSize":null,"consumerPackageUnit":null,"priceUnit":"KPL","quantityMultiplier":1,"brandName":"Rainbow","slug":"rainbow-190g-pesto-rosso","isAgeLimitedByAlcohol":false,"frozen":false,"packagingLabels":[],"packagingLabelCodes":[],"hierarchyPath":[{"id":"Herkku_00000427","name":"Pestokastikkeet","slug":"oljyt-mausteet-maustaminen-1/maustekastikkeet-ja-tahnat/pestokastikkeet","__typename":"HierarchyPathItem"},{"id":"Herkku_00000078","name":"Maustekastikkeet ja tahnat","slug":"oljyt-mausteet-maustaminen-1/maustekastikkeet-ja-tahnat","__typename":"HierarchyPathItem"},{"id":"Herkku_00000011","name":"Öljyt, mausteet, maustaminen","slug":"oljyt-mausteet-maustaminen-1","__typename":"HierarchyPathItem"}],"isGlobalFallback":null,"countryName":{"fi":"Italia","__typename":"CountryName"}},{"id":"6415712001070","ean":"6415712001070","name":"Kotimaista Luomu Kaurahiutale 850 g","price":1.69,"storeId":725782447,"__typename":"Product","approxPrice":false,"basicQuantityUnit":"KPL","comparisonPrice":1.99,"comparisonUnit":"KGM","consumerPackageSize":null,"consumerPackageUnit":null,"priceUnit":"KPL","quantityMultiplier":1,"brandName":"Kotimaista","slug":"kotimaista-luomu-kaurahiutale-850-g","isAgeLimitedByAlcohol":false,"frozen":false,"packagingLabels":["EU:n luomutunnus (lehti)"," Hyvää Suomesta (Sininen Joutsen)"," Kierrätysmerkki"," Sydänmerkki"],"packagingLabelCodes":["EU_ORGANIC_FARMING"," FINNISH_HEART_SYMBOL"," GOODS_FROM_FINLAND_BLUE_SWAN"," RECYCLABLE_GENERAL_CLAIM"],"hierarchyPath":[{"id":"Herkku_00000501","name":"Kaurahiutaleet","slug":"kuivatuotteet-ja-leivonta-1/hiutaleet-murot-ja-myslit/kaurahiutaleet","__typename":"HierarchyPathItem"},{"id":"Herkku_00000053","name":"Hiutaleet, murot ja myslit","slug":"kuivatuotteet-ja-leivonta-1/hiutaleet-murot-ja-myslit","__typename":"HierarchyPathItem"},{"id":"Herkku_00000007","name":"Kuivatuotteet ja leivonta","slug":"kuivatuotteet-ja-leivonta-1","__typename":"HierarchyPathItem"}],"isGlobalFallback":null,"countryName":{"fi":"Suomi","__typename":"CountryName"}},{"id":"6415712001094","ean":"6415712001094","name":"Rainbow 86g tomaattikeittoainekset","price":1.09,"storeId":725782447,"__typename":"Product","approxPrice":false,"basicQuantityUnit":"KPL","comparisonPrice":12.67,"comparisonUnit":"KGM","consumerPackageSize":null,"consumerPackageUnit":null,"priceUnit":"KPL","quantityMultiplier":1,"brandName":"Rainbow","slug":"rainbow-86g-tomaattikeittoainekset","isAgeLimitedByAlcohol":false,"frozen":false,"packagingLabels":[],"packagingLabelCodes":[],"hierarchyPath":[{"id":"Herkku_00000473","name":"Pussikeitot","slug":"kuivatuotteet-ja-leivonta-1/ateria-ainekset/pussikeitot","__typename":"HierarchyPathItem"},{"id":"Herkku_00000087","name":"Ateria-ainekset","slug":"kuivatuotteet-ja-leivonta-1/ateria-ainekset","__typename":"HierarchyPathItem"},{"id":"Herkku_00000007","name":"Kuivatuotteet ja leivonta","slug":"kuivatuotteet-ja-leivonta-1","__typename":"HierarchyPathItem"}],"isGlobalFallback":null,"countryName":{"fi":"Italia","__typename":"CountryName"}},{"id":"6415712001124","ean":"6415712001124","name":"Rainbow 2x100g perunamuusijauhe","price":1.23,"storeId":725782447,"__typename":"Product","approxPrice":false,"basicQuantityUnit":"KPL","comparisonPrice":6.15,"comparisonUnit":"KGM","consumerPackageSize":null,"consumerPackageUnit":null,"priceUnit":"KPL","quantityMultiplier":1,"brandName":"Rainbow","slug":"rainbow-2x100g-perunamuusijauhe","isAgeLimitedByAlcohol":false,"frozen":false,"packagingLabels":[],"packagingLabelCodes":[],"hierarchyPath":[{"id":"Herkku_00000490","name":"Perunasoseainekset","slug":"kuivatuotteet-ja-leivonta-1/riisit-pastat-ja-nuudelit/perunasoseainekset","__typename":"HierarchyPathItem"},{"id":"Herkku_00000088","name":"Riisit, pastat ja nuudelit","slug":"kuivatuotteet-ja-leivonta-1/riisit-pastat-ja-nuudelit","__typename":"HierarchyPathItem"},{"id":"Herkku_00000007","name":"Kuivatuotteet ja leivonta","slug":"kuivatuotteet-ja-leivonta-1","__typename":"HierarchyPathItem"}],"isGlobalFallback":null,"countryName":{"fi":"Saksa","__typename":"CountryName"}},{"id":"6415712001520","ean":"6415712001520","name":"Rainbow 150g Italianpata spagetti-kasvis-mausteseos","price":1.99,"storeId":725782447,"__typename":"Product","approxPrice":false,"basicQuantityUnit":"KPL","comparisonPrice":13.27,"comparisonUnit":"KGM","consumerPackageSize":null,"consumerPackageUnit":null,"priceUnit":"KPL","quantityMultiplier":1,"brandName":"Rainbow","slug":"rainbow-150g-italianpata-spagetti-kasvis-mausteseos","isAgeLimitedByAlcohol":false,"frozen":false,"packagingLabels":[],"packagingLabelCodes":[],"hierarchyPath":[{"id":"Herkku_00000468","name":"Pata-ainekset","slug":"kuivatuotteet-ja-leivonta-1/ateria-ainekset/pata-ainekset","__typename":"HierarchyPathItem"},{"id":"Herkku_00000087","name":"Ateria-ainekset","slug":"kuivatuotteet-ja-leivonta-1/ateria-ainekset","__typename":"HierarchyPathItem"},{"id":"Herkku_00000007","name":"Kuivatuotteet ja leivonta","slug":"kuivatuotteet-ja-leivonta-1","__typename":"HierarchyPathItem"}],"isGlobalFallback":null,"countryName":{"fi":"Suomi","__typename":"CountryName"}},{"id":"6415712001537","ean":"6415712001537","name":"Rainbow 190g Meksikonpata-ainekset","price":1.99,"storeId":725782447,"__typename":"Product","approxPrice":false,"basicQuantityUnit":"KPL","comparisonPrice":10.47,"comparisonUnit":"KGM","consumerPackageSize":null,"consumerPackageUnit":null,"priceUnit":"KPL","quantityMultiplier":1,"brandName":"Rainbow","slug":"rainbow-190g-meksikonpata-ainekset","isAgeLimitedByAlcohol":false,"frozen":false,"packagingLabels":[],"packagingLabelCodes":[],"hierarchyPath":[{"id":"Herkku_00000468","name":"Pata-ainekset","slug":"kuivatuotteet-ja-leivonta-1/ateria-ainekset/pata-ainekset","__typename":"HierarchyPathItem"},{"id":"Herkku_00000087","name":"Ateria-ainekset","slug":"kuivatuotteet-ja-leivonta-1/ateria-ainekset","__typename":"HierarchyPathItem"},{"id":"Herkku_00000007","name":"Kuivatuotteet ja leivonta","slug":"kuivatuotteet-ja-leivonta-1","__typename":"HierarchyPathItem"}],"isGlobalFallback":null,"countryName":{"fi":"Suomi","__typename":"CountryName"}},{"id":"6415712001599","ean":"6415712001599","name":"Rainbow 420g valkosipuli-basilika pastakastike","price":1.69,"storeId":725782447,"__typename":"Product","approxPrice":false,"basicQuantityUnit":"KPL","comparisonPrice":4.02,"comparisonUnit":"KGM","consumerPackageSize":null,"consumerPackageUnit":null,"priceUnit":"KPL","quantityMultiplier":1,"brandName":"Rainbow","slug":"rainbow-420g-valkosipuli-basilika-pastakastike","isAgeLimitedByAlcohol":false,"frozen":false,"packagingLabels":[],"packagingLabelCodes":[],"hierarchyPath":[{"id":"Herkku_00000452","name":"Pastakastikkeet","slug":"oljyt-mausteet-maustaminen-1/maustekastikkeet-ja-tahnat/pastakastikkeet","__typename":"HierarchyPathItem"},{"id":"Herkku_00000078","name":"Maustekastikkeet ja tahnat","slug":"oljyt-mausteet-maustaminen-1/maustekastikkeet-ja-tahnat","__typename":"HierarchyPathItem"},{"id":"Herkku_00000011","name":"Öljyt, mausteet, maustaminen","slug":"oljyt-mausteet-maustaminen-1","__typename":"HierarchyPathItem"}],"isGlobalFallback":null,"countryName":{"fi":"Italia","__typename":"CountryName"}},{"id":"6415712001896","ean":"6415712001896","name":"Rainbow 247g lasagnelevyt ja kastikeainekset","price":2.39,"storeId":725782447,"__typename":"Product","approxPrice":false,"basicQuantityUnit":"KPL","comparisonPrice":9.68,"comparisonUnit":"KGM","consumerPackageSize":null,"consumerPackageUnit":null,"priceUnit":"KPL","quantityMultiplier":1,"brandName":"Rainbow","slug":"rainbow-247g-lasagnelevyt-ja-kastikeainekset","isAgeLimitedByAlcohol":false,"frozen":false,"packagingLabels":[],"packagingLabelCodes":[],"hierarchyPath":[{"id":"Herkku_00000471","name":"Lasagneainekset","slug":"kuivatuotteet-ja-leivonta-1/ateria-ainekset/lasagneainekset","__typename":"HierarchyPathItem"},{"id":"Herkku_00000087","name":"Ateria-ainekset","slug":"kuivatuotteet-ja-leivonta-1/ateria-ainekset","__typename":"HierarchyPathItem"},{"id":"Herkku_00000007","name":"Kuivatuotteet ja leivonta","slug":"kuivatuotteet-ja-leivonta-1","__typename":"HierarchyPathItem"}],"isGlobalFallback":null,"countryName":{"fi":"Italia","__typename":"CountryName"}},{"id":"6415712002060","ean":"6415712002060","name":"Rainbow 1kg Basmati & Jasmiiniriisi","price":3.25,"storeId":725782447,"__typename":"Product","approxPrice":false,"basicQuantityUnit":"KPL","comparisonPrice":3.25,"comparisonUnit":"KGM","consumerPackageSize":null,"consumerPackageUnit":null,"priceUnit":"KPL","quantityMultiplier":1,"brandName":"Rainbow","slug":"rainbow-1kg-basmati-and-jasmiiniriisi","isAgeLimitedByAlcohol":false,"frozen":false,"packagingLabels":[],"packagingLabelCodes":[],"hierarchyPath":[{"id":"Herkku_00000485","name":"Basmatiriisit","slug":"kuivatuotteet-ja-leivonta-1/riisit-pastat-ja-nuudelit/basmatiriisit","__typename":"HierarchyPathItem"},{"id":"Herkku_00000088","name":"Riisit, pastat ja nuudelit","slug":"kuivatuotteet-ja-leivonta-1/riisit-pastat-ja-nuudelit","__typename":"HierarchyPathItem"},{"id":"Herkku_00000007","name":"Kuivatuotteet ja leivonta","slug":"kuivatuotteet-ja-leivonta-1","__typename":"HierarchyPathItem"}],"isGlobalFallback":null,"countryName":{"fi":"Ranska","__typename":"CountryName"}},{"id":"6415712002473","ean":"6415712002473","name":"Rainbow 495ml makea chilikastike","price":1.75,"storeId":725782447,"__typename":"Product","approxPrice":false,"basicQuantityUnit":"KPL","comparisonPrice":3.54,"comparisonUnit":"LTR","consumerPackageSize":null,"consumerPackageUnit":null,"priceUnit":"KPL","quantityMultiplier":1,"brandName":"Rainbow","slug":"rainbow-495ml-makea-chilikastike","isAgeLimitedByAlcohol":false,"frozen":false,"packagingLabels":[],"packagingLabelCodes":[],"hierarchyPath":[{"id":"Herkku_00000431","name":"Chilikastikkeet","slug":"oljyt-mausteet-maustaminen-1/maustekastikkeet-ja-tahnat/chilikastikkeet","__typename":"HierarchyPathItem"},{"id":"Herkku_00000078","name":"Maustekastikkeet ja tahnat","slug":"oljyt-mausteet-maustaminen-1/maustekastikkeet-ja-tahnat","__typename":"HierarchyPathItem"},{"id":"Herkku_00000011","name":"Öljyt, mausteet, maustaminen","slug":"oljyt-mausteet-maustaminen-1","__typename":"HierarchyPathItem"}],"isGlobalFallback":null,"countryName":{"fi":"Thaimaa","__typename":"CountryName"}},{"id":"6415712002633","ean":"6415712002633","name":"Rainbow 200g kuivatut kivettömät luumut","price":2.55,"storeId":725782447,"__typename":"Product","approxPrice":false,"basicQuantityUnit":"KPL","comparisonPrice":12.75,"comparisonUnit":"KGM","consumerPackageSize":null,"consumerPackageUnit":null,"priceUnit":"KPL","quantityMultiplier":1,"brandName":"Rainbow","slug":"rainbow-200g-kuivatut-kivettomat-luumut","isAgeLimitedByAlcohol":false,"frozen":false,"packagingLabels":[],"packagingLabelCodes":[],"hierarchyPath":[{"id":"Herkku_00000306","name":"Kuivatut hedelmät ja marjat","slug":"kuivatuotteet-ja-leivonta-1/siemenet-pahkinat-ja-kuivatut-hedelmat/kuivatut-hedelmat-ja-marjat","__typename":"HierarchyPathItem"},{"id":"Herkku_00000050","name":"Siemenet, pähkinät ja kuivatut hedelmät","slug":"kuivatuotteet-ja-leivonta-1/siemenet-pahkinat-ja-kuivatut-hedelmat","__typename":"HierarchyPathItem"},{"id":"Herkku_00000007","name":"Kuivatuotteet ja leivonta","slug":"kuivatuotteet-ja-leivonta-1","__typename":"HierarchyPathItem"}],"isGlobalFallback":null,"countryName":{"fi":"Chile","__typename":"CountryName"}},{"id":"6415712002664","ean":"6415712002664","name":"Xtra 250g kuivatut kivettömät luumut","price":2.35,"storeId":725782447,"__typename":"Product","approxPrice":false,"basicQuantityUnit":"KPL","comparisonPrice":9.4,"comparisonUnit":"KGM","consumerPackageSize":null,"consumerPackageUnit":null,"priceUnit":"KPL","quantityMultiplier":1,"brandName":"Xtra","slug":"xtra-250g-kuivatut-kivettomat-luumut","isAgeLimitedByAlcohol":false,"frozen":false,"packagingLabels":[],"packagingLabelCodes":[],"hierarchyPath":[{"id":"Herkku_00000306","name":"Kuivatut hedelmät ja marjat","slug":"kuivatuotteet-ja-leivonta-1/siemenet-pahkinat-ja-kuivatut-hedelmat/kuivatut-hedelmat-ja-marjat","__typename":"HierarchyPathItem"},{"id":"Herkku_00000050","name":"Siemenet, pähkinät ja kuivatut hedelmät","slug":"kuivatuotteet-ja-leivonta-1/siemenet-pahkinat-ja-kuivatut-hedelmat","__typename":"HierarchyPathItem"},{"id":"Herkku_00000007","name":"Kuivatuotteet ja leivonta","slug":"kuivatuotteet-ja-leivonta-1","__typename":"HierarchyPathItem"}],"isGlobalFallback":null,"countryName":{"fi":"Chile","__typename":"CountryName"}},{"id":"6415712002718","ean":"6415712002718","name":"Rainbow 200g pähkinäsekoitus naturel","price":3.79,"storeId":725782447,"__typename":"Product","approxPrice":false,"basicQuantityUnit":"KPL","comparisonPrice":18.95,"comparisonUnit":"KGM","consumerPackageSize":null,"consumerPackageUnit":null,"priceUnit":"KPL","quantityMultiplier":1,"brandName":"Rainbow","slug":"rainbow-200g-pahkinasekoitus-naturel","isAgeLimitedByAlcohol":false,"frozen":false,"packagingLabels":[],"packagingLabelCodes":[],"hierarchyPath":[{"id":"Herkku_00000305","name":"Pähkinät","slug":"kuivatuotteet-ja-leivonta-1/siemenet-pahkinat-ja-kuivatut-hedelmat/pahkinat","__typename":"HierarchyPathItem"},{"id":"Herkku_00000050","name":"Siemenet, pähkinät ja kuivatut hedelmät","slug":"kuivatuotteet-ja-leivonta-1/siemenet-pahkinat-ja-kuivatut-hedelmat","__typename":"HierarchyPathItem"},{"id":"Herkku_00000007","name":"Kuivatuotteet ja leivonta","slug":"kuivatuotteet-ja-leivonta-1","__typename":"HierarchyPathItem"}],"isGlobalFallback":null,"countryName":{"fi":"Liettua","__typename":"CountryName"}},{"id":"6415712002886","ean":"6415712002886","name":"Kotimaista 750g 4 viljan hiutale","price":1.29,"storeId":725782447,"__typename":"Product","approxPrice":false,"basicQuantityUnit":"KPL","comparisonPrice":1.72,"comparisonUnit":"KGM","consumerPackageSize":null,"consumerPackageUnit":null,"priceUnit":"KPL","quantityMultiplier":1,"brandName":"Kotimaista","slug":"kotimaista-750g-4-viljan-hiutale","isAgeLimitedByAlcohol":false,"frozen":false,"packagingLabels":["Hyvää Suomesta (Sininen Joutsen)"," Kierrätysmerkki"," Sydänmerkki"],"packagingLabelCodes":["FINNISH_HEART_SYMBOL"," GOODS_FROM_FINLAND_BLUE_SWAN"," RECYCLABLE_GENERAL_CLAIM"],"hierarchyPath":[{"id":"Herkku_00000499","name":"Moniviljahiutaleet","slug":"kuivatuotteet-ja-leivonta-1/hiutaleet-murot-ja-myslit/moniviljahiutaleet","__typename":"HierarchyPathItem"},{"id":"Herkku_00000053","name":"Hiutaleet, murot ja myslit","slug":"kuivatuotteet-ja-leivonta-1/hiutaleet-murot-ja-myslit","__typename":"HierarchyPathItem"},{"id":"Herkku_00000007","name":"Kuivatuotteet ja leivonta","slug":"kuivatuotteet-ja-leivonta-1","__typename":"HierarchyPathItem"}],"isGlobalFallback":null,"countryName":{"fi":"Suomi","__typename":"CountryName"}},{"id":"6415712002909","ean":"6415712002909","name":"Rainbow 300g kaakaomuro","price":2.19,"storeId":725782447,"__typename":"Product","approxPrice":false,"basicQuantityUnit":"KPL","comparisonPrice":7.3,"comparisonUnit":"KGM","consumerPackageSize":null,"consumerPackageUnit":null,"priceUnit":"KPL","quantityMultiplier":1,"brandName":"Rainbow","slug":"rainbow-300g-kaakaomuro","isAgeLimitedByAlcohol":false,"frozen":false,"packagingLabels":[],"packagingLabelCodes":[],"hierarchyPath":[{"id":"Herkku_00000316","name":"Murot","slug":"kuivatuotteet-ja-leivonta-1/hiutaleet-murot-ja-myslit/murot","__typename":"HierarchyPathItem"},{"id":"Herkku_00000053","name":"Hiutaleet, murot ja myslit","slug":"kuivatuotteet-ja-leivonta-1/hiutaleet-murot-ja-myslit","__typename":"HierarchyPathItem"},{"id":"Herkku_00000007","name":"Kuivatuotteet ja leivonta","slug":"kuivatuotteet-ja-leivonta-1","__typename":"HierarchyPathItem"}],"isGlobalFallback":null,"countryName":{"fi":"Ranska","__typename":"CountryName"}},{"id":"6415712003258","ean":"6415712003258","name":"Rainbow 250ml punaviinietikka","price":1.25,"storeId":725782447,"__typename":"Product","approxPrice":false,"basicQuantityUnit":"KPL","comparisonPrice":5,"comparisonUnit":"LTR","consumerPackageSize":null,"consumerPackageUnit":null,"priceUnit":"KPL","quantityMultiplier":1,"brandName":"Rainbow","slug":"rainbow-250ml-punaviinietikka","isAgeLimitedByAlcohol":false,"frozen":false,"packagingLabels":[],"packagingLabelCodes":[],"hierarchyPath":[{"id":"Herkku_00000443","name":"Viinietikat","slug":"oljyt-mausteet-maustaminen-1/etikat-ja-balsamicot/viinietikat","__typename":"HierarchyPathItem"},{"id":"Herkku_00000082","name":"Etikat ja balsamicot","slug":"oljyt-mausteet-maustaminen-1/etikat-ja-balsamicot","__typename":"HierarchyPathItem"},{"id":"Herkku_00000011","name":"Öljyt, mausteet, maustaminen","slug":"oljyt-mausteet-maustaminen-1","__typename":"HierarchyPathItem"}],"isGlobalFallback":null,"countryName":{"fi":"Ranska","__typename":"CountryName"}},{"id":"6415712003272","ean":"6415712003272","name":"Rainbow 250ml valkoviinietikka","price":1.55,"storeId":725782447,"__typename":"Product","approxPrice":false,"basicQuantityUnit":"KPL","comparisonPrice":6.2,"comparisonUnit":"LTR","consumerPackageSize":null,"consumerPackageUnit":null,"priceUnit":"KPL","quantityMultiplier":1,"brandName":"Rainbow","slug":"rainbow-250ml-valkoviinietikka","isAgeLimitedByAlcohol":false,"frozen":false,"packagingLabels":[],"packagingLabelCodes":[],"hierarchyPath":[{"id":"Herkku_00000443","name":"Viinietikat","slug":"oljyt-mausteet-maustaminen-1/etikat-ja-balsamicot/viinietikat","__typename":"HierarchyPathItem"},{"id":"Herkku_00000082","name":"Etikat ja balsamicot","slug":"oljyt-mausteet-maustaminen-1/etikat-ja-balsamicot","__typename":"HierarchyPathItem"},{"id":"Herkku_00000011","name":"Öljyt, mausteet, maustaminen","slug":"oljyt-mausteet-maustaminen-1","__typename":"HierarchyPathItem"}],"isGlobalFallback":null,"countryName":{"fi":"Ranska","__typename":"CountryName"}},{"id":"6415712003296","ean":"6415712003296","name":"Rainbow 200g pähkinäcocktail natural","price":4.35,"storeId":725782447,"__typename":"Product","approxPrice":false,"basicQuantityUnit":"KPL","comparisonPrice":21.75,"comparisonUnit":"KGM","consumerPackageSize":null,"consumerPackageUnit":null,"priceUnit":"KPL","quantityMultiplier":1,"brandName":"Rainbow","slug":"rainbow-200g-pahkinacocktail-natural","isAgeLimitedByAlcohol":false,"frozen":false,"packagingLabels":[],"packagingLabelCodes":[],"hierarchyPath":[{"id":"Herkku_00000305","name":"Pähkinät","slug":"kuivatuotteet-ja-leivonta-1/siemenet-pahkinat-ja-kuivatut-hedelmat/pahkinat","__typename":"HierarchyPathItem"},{"id":"Herkku_00000050","name":"Siemenet, pähkinät ja kuivatut hedelmät","slug":"kuivatuotteet-ja-leivonta-1/siemenet-pahkinat-ja-kuivatut-hedelmat","__typename":"HierarchyPathItem"},{"id":"Herkku_00000007","name":"Kuivatuotteet ja leivonta","slug":"kuivatuotteet-ja-leivonta-1","__typename":"HierarchyPathItem"}],"isGlobalFallback":null,"countryName":{"fi":"Liettua","__typename":"CountryName"}},{"id":"6415712003371","ean":"6415712003371","name":"Rainbow 105g pähkinäpatukka 3kpl","price":2.25,"storeId":725782447,"__typename":"Product","approxPrice":false,"basicQuantityUnit":"KPL","comparisonPrice":21.43,"comparisonUnit":"KGM","consumerPackageSize":null,"consumerPackageUnit":null,"priceUnit":"KPL","quantityMultiplier":1,"brandName":"Rainbow","slug":"rainbow-105g-pahkinapatukka-3kpl","isAgeLimitedByAlcohol":false,"frozen":false,"packagingLabels":[],"packagingLabelCodes":[],"hierarchyPath":[{"id":"1591691259548655","name":"Pähkinäpatukat ja -levyt","slug":"kuivatuotteet-ja-leivonta-1/siemenet-pahkinat-ja-kuivatut-hedelmat/pahkinapatukat-ja-levyt","__typename":"HierarchyPathItem"},{"id":"Herkku_00000050","name":"Siemenet, pähkinät ja kuivatut hedelmät","slug":"kuivatuotteet-ja-leivonta-1/siemenet-pahkinat-ja-kuivatut-hedelmat","__typename":"HierarchyPathItem"},{"id":"Herkku_00000007","name":"Kuivatuotteet ja leivonta","slug":"kuivatuotteet-ja-leivonta-1","__typename":"HierarchyPathItem"}],"isGlobalFallback":null,"countryName":{"fi":"Tšekki","__typename":"CountryName"}},{"id":"6415712003395","ean":"6415712003395","name":"Rainbow 175g Honey Nuts hunajapaahdetut maapähkinät","price":1.55,"storeId":725782447,"__typename":"Product","approxPrice":false,"basicQuantityUnit":"KPL","comparisonPrice":8.86,"comparisonUnit":"KGM","consumerPackageSize":null,"consumerPackageUnit":null,"priceUnit":"KPL","quantityMultiplier":1,"brandName":"Rainbow","slug":"rainbow-175g-honey-nuts-hunajapaahdetut-maapahkinat","isAgeLimitedByAlcohol":false,"frozen":false,"packagingLabels":[],"packagingLabelCodes":[],"hierarchyPath":[{"id":"Herkku_00000305","name":"Pähkinät","slug":"kuivatuotteet-ja-leivonta-1/siemenet-pahkinat-ja-kuivatut-hedelmat/pahkinat","__typename":"HierarchyPathItem"},{"id":"Herkku_00000050","name":"Siemenet, pähkinät ja kuivatut hedelmät","slug":"kuivatuotteet-ja-leivonta-1/siemenet-pahkinat-ja-kuivatut-hedelmat","__typename":"HierarchyPathItem"},{"id":"Herkku_00000007","name":"Kuivatuotteet ja leivonta","slug":"kuivatuotteet-ja-leivonta-1","__typename":"HierarchyPathItem"}],"isGlobalFallback":null,"countryName":{"fi":"Alankomaat","__typename":"CountryName"}},{"id":"6415712003418","ean":"6415712003418","name":"Kotimaista Kauralese 400g","price":1.29,"storeId":725782447,"__typename":"Product","approxPrice":false,"basicQuantityUnit":"KPL","comparisonPrice":3.23,"comparisonUnit":"KGM","consumerPackageSize":null,"consumerPackageUnit":null,"priceUnit":"KPL","quantityMultiplier":1,"brandName":"Kotimaista","slug":"kotimaista-kauralese-400g","isAgeLimitedByAlcohol":false,"frozen":false,"packagingLabels":["Hyvää Suomesta (Sininen Joutsen)"],"packagingLabelCodes":["GOODS_FROM_FINLAND_BLUE_SWAN"],"hierarchyPath":[{"id":"Herkku_00000374","name":"Leseet","slug":"kuivatuotteet-ja-leivonta-1/leseet-alkiot-rouheet/leseet","__typename":"HierarchyPathItem"},{"id":"Herkku_00000067","name":"Leseet, alkiot, rouheet","slug":"kuivatuotteet-ja-leivonta-1/leseet-alkiot-rouheet","__typename":"HierarchyPathItem"},{"id":"Herkku_00000007","name":"Kuivatuotteet ja leivonta","slug":"kuivatuotteet-ja-leivonta-1","__typename":"HierarchyPathItem"}],"isGlobalFallback":null,"countryName":{"fi":"Suomi","__typename":"CountryName"}},{"id":"6415712003432","ean":"6415712003432","name":"Kotimaista 750g Pikakaurahiutale","price":1.79,"storeId":725782447,"__typename":"Product","approxPrice":false,"basicQuantityUnit":"KPL","comparisonPrice":2.39,"comparisonUnit":"KGM","consumerPackageSize":null,"consumerPackageUnit":null,"priceUnit":"KPL","quantityMultiplier":1,"brandName":"Kotimaista","slug":"kotimaista-750g-pikakaurahiutale","isAgeLimitedByAlcohol":false,"frozen":false,"packagingLabels":["Hyvää Suomesta (Sininen Joutsen)"," Kierrätysmerkki"," Sydänmerkki"],"packagingLabelCodes":["FINNISH_HEART_SYMBOL"," GOODS_FROM_FINLAND_BLUE_SWAN"," RECYCLABLE_GENERAL_CLAIM"],"hierarchyPath":[{"id":"Herkku_00000498","name":"Muut hiutaleet","slug":"kuivatuotteet-ja-leivonta-1/hiutaleet-murot-ja-myslit/muut-hiutaleet","__typename":"HierarchyPathItem"},{"id":"Herkku_00000053","name":"Hiutaleet, murot ja myslit","slug":"kuivatuotteet-ja-leivonta-1/hiutaleet-murot-ja-myslit","__typename":"HierarchyPathItem"},{"id":"Herkku_00000007","name":"Kuivatuotteet ja leivonta","slug":"kuivatuotteet-ja-leivonta-1","__typename":"HierarchyPathItem"}],"isGlobalFallback":null,"countryName":{"fi":"Suomi","__typename":"CountryName"}},{"id":"6415712003456","ean":"6415712003456","name":"Rainbow 200g maalaisperunalastu merisuola","price":2.25,"storeId":725782447,"__typename":"Product","approxPrice":false,"basicQuantityUnit":"KPL","comparisonPrice":11.25,"comparisonUnit":"KGM","consumerPackageSize":null,"consumerPackageUnit":null,"priceUnit":"KPL","quantityMultiplier":1,"brandName":"Rainbow","slug":"rainbow-200g-maalaisperunalastu-merisuola","isAgeLimitedByAlcohol":false,"frozen":false,"packagingLabels":[],"packagingLabelCodes":[],"hierarchyPath":[{"id":"Herkku_00000347","name":"Perunalastut","slug":"makeiset-ja-naposteltavat-1/sipsit-ja-muut-naposteltavat/perunalastut","__typename":"HierarchyPathItem"},{"id":"Herkku_00000062","name":"Sipsit ja muut naposteltavat","slug":"makeiset-ja-naposteltavat-1/sipsit-ja-muut-naposteltavat","__typename":"HierarchyPathItem"},{"id":"Herkku_00000009","name":"Makeiset ja naposteltavat","slug":"makeiset-ja-naposteltavat-1","__typename":"HierarchyPathItem"}],"isGlobalFallback":null,"countryName":{"fi":"Belgia","__typename":"CountryName"}},{"id":"6415712003494","ean":"6415712003494","name":"Rainbow 250ml omenaviinietikka","price":1.75,"storeId":725782447,"__typename":"Product","approxPrice":false,"basicQuantityUnit":"KPL","comparisonPrice":7,"comparisonUnit":"LTR","consumerPackageSize":null,"consumerPackageUnit":null,"priceUnit":"KPL","quantityMultiplier":1,"brandName":"Rainbow","slug":"rainbow-250ml-omenaviinietikka","isAgeLimitedByAlcohol":false,"frozen":false,"packagingLabels":[],"packagingLabelCodes":[],"hierarchyPath":[{"id":"Herkku_00000443","name":"Viinietikat","slug":"oljyt-mausteet-maustaminen-1/etikat-ja-balsamicot/viinietikat","__typename":"HierarchyPathItem"},{"id":"Herkku_00000082","name":"Etikat ja balsamicot","slug":"oljyt-mausteet-maustaminen-1/etikat-ja-balsamicot","__typename":"HierarchyPathItem"},{"id":"Herkku_00000011","name":"Öljyt, mausteet, maustaminen","slug":"oljyt-mausteet-maustaminen-1","__typename":"HierarchyPathItem"}],"isGlobalFallback":null,"countryName":{"fi":"Ranska","__typename":"CountryName"}},{"id":"6415712003531","ean":"6415712003531","name":"Rainbow 725g muromysli jogurtti-mansikka","price":3.99,"storeId":725782447,"__typename":"Product","approxPrice":false,"basicQuantityUnit":"KPL","comparisonPrice":5.5,"comparisonUnit":"KGM","consumerPackageSize":null,"consumerPackageUnit":null,"priceUnit":"KPL","quantityMultiplier":1,"brandName":"Rainbow","slug":"rainbow-725g-muromysli-jogurtti-mansikka","isAgeLimitedByAlcohol":false,"frozen":false,"packagingLabels":[],"packagingLabelCodes":[],"hierarchyPath":[{"id":"Herkku_00000317","name":"Myslit","slug":"kuivatuotteet-ja-leivonta-1/hiutaleet-murot-ja-myslit/myslit","__typename":"HierarchyPathItem"},{"id":"Herkku_00000053","name":"Hiutaleet, murot ja myslit","slug":"kuivatuotteet-ja-leivonta-1/hiutaleet-murot-ja-myslit","__typename":"HierarchyPathItem"},{"id":"Herkku_00000007","name":"Kuivatuotteet ja leivonta","slug":"kuivatuotteet-ja-leivonta-1","__typename":"HierarchyPathItem"}],"isGlobalFallback":null,"countryName":{"fi":"Saksa","__typename":"CountryName"}},{"id":"6415712003579","ean":"6415712003579","name":"Rainbow 150g kuivatut karpalot","price":1.79,"storeId":725782447,"__typename":"Product","approxPrice":false,"basicQuantityUnit":"KPL","comparisonPrice":11.93,"comparisonUnit":"KGM","consumerPackageSize":null,"consumerPackageUnit":null,"priceUnit":"KPL","quantityMultiplier":1,"brandName":"Rainbow","slug":"rainbow-150g-kuivatut-karpalot","isAgeLimitedByAlcohol":false,"frozen":false,"packagingLabels":[],"packagingLabelCodes":[],"hierarchyPath":[{"id":"Herkku_00000306","name":"Kuivatut hedelmät ja marjat","slug":"kuivatuotteet-ja-leivonta-1/siemenet-pahkinat-ja-kuivatut-hedelmat/kuivatut-hedelmat-ja-marjat","__typename":"HierarchyPathItem"},{"id":"Herkku_00000050","name":"Siemenet, pähkinät ja kuivatut hedelmät","slug":"kuivatuotteet-ja-leivonta-1/siemenet-pahkinat-ja-kuivatut-hedelmat","__typename":"HierarchyPathItem"},{"id":"Herkku_00000007","name":"Kuivatuotteet ja leivonta","slug":"kuivatuotteet-ja-leivonta-1","__typename":"HierarchyPathItem"}],"isGlobalFallback":null,"countryName":{"fi":"Yhdysvallat","__typename":"CountryName"}},{"id":"6415712103040","ean":"6415712103040","name":"Rainbow 100g riisikakku merisuola gluteeniton","price":1.15,"storeId":725782447,"__typename":"Product","approxPrice":false,"basicQuantityUnit":"KPL","comparisonPrice":11.5,"comparisonUnit":"KGM","consumerPackageSize":null,"consumerPackageUnit":null,"priceUnit":"KPL","quantityMultiplier":1,"brandName":"Rainbow","slug":"rainbow-100g-riisikakku-merisuola-gluteeniton","isAgeLimitedByAlcohol":false,"frozen":false,"packagingLabels":[],"packagingLabelCodes":[],"hierarchyPath":[{"id":"Herkku_00000315","name":"Riisikakut","slug":"leivat-keksit-ja-leivonnaiset-1/nakkileivat-ja-hapankorput/riisikakut","__typename":"HierarchyPathItem"},{"id":"Herkku_00000052","name":"Näkkileivät ja hapankorput","slug":"leivat-keksit-ja-leivonnaiset-1/nakkileivat-ja-hapankorput","__typename":"HierarchyPathItem"},{"id":"Herkku_00000008","name":"Leivät, keksit ja leivonnaiset","slug":"leivat-keksit-ja-leivonnaiset-1","__typename":"HierarchyPathItem"}],"isGlobalFallback":null,"countryName":{"fi":"Puola","__typename":"CountryName"}},{"id":"6415712105068","ean":"6415712105068","name":"Rainbow 100g riisimaissikakku","price":0.99,"storeId":725782447,"__typename":"Product","approxPrice":false,"basicQuantityUnit":"KPL","comparisonPrice":9.9,"comparisonUnit":"KGM","consumerPackageSize":null,"consumerPackageUnit":null,"priceUnit":"KPL","quantityMultiplier":1,"brandName":"Rainbow","slug":"rainbow-100g-riisimaissikakku","isAgeLimitedByAlcohol":false,"frozen":false,"packagingLabels":[],"packagingLabelCodes":[],"hierarchyPath":[{"id":"Herkku_00000315","name":"Riisikakut","slug":"leivat-keksit-ja-leivonnaiset-1/nakkileivat-ja-hapankorput/riisikakut","__typename":"HierarchyPathItem"},{"id":"Herkku_00000052","name":"Näkkileivät ja hapankorput","slug":"leivat-keksit-ja-leivonnaiset-1/nakkileivat-ja-hapankorput","__typename":"HierarchyPathItem"},{"id":"Herkku_00000008","name":"Leivät, keksit ja leivonnaiset","slug":"leivat-keksit-ja-leivonnaiset-1","__typename":"HierarchyPathItem"}],"isGlobalFallback":null,"countryName":{"fi":"Puola","__typename":"CountryName"}},{"id":"6415712155773","ean":"6415712155773","name":"Kotimaista laktoositon suklaakastike 200 ml","price":1.49,"storeId":725782447,"__typename":"Product","approxPrice":false,"basicQuantityUnit":"KPL","comparisonPrice":7.45,"comparisonUnit":"KGM","consumerPackageSize":null,"consumerPackageUnit":null,"priceUnit":"KPL","quantityMultiplier":1,"brandName":"Kotimaista","slug":"kotimaista-laktoositon-suklaakastike-200-ml","isAgeLimitedByAlcohol":false,"frozen":false,"packagingLabels":["Hyvää Suomesta (Sininen Joutsen)"],"packagingLabelCodes":["GOODS_FROM_FINLAND_BLUE_SWAN"],"hierarchyPath":[{"id":"Herkku_00000456","name":"Jälkiruokakastikkeet","slug":"kuivatuotteet-ja-leivonta-1/jalkiruoat/jalkiruokakastikkeet","__typename":"HierarchyPathItem"},{"id":"Herkku_00000085","name":"Jälkiruoat","slug":"kuivatuotteet-ja-leivonta-1/jalkiruoat","__typename":"HierarchyPathItem"},{"id":"Herkku_00000007","name":"Kuivatuotteet ja leivonta","slug":"kuivatuotteet-ja-leivonta-1","__typename":"HierarchyPathItem"}],"isGlobalFallback":null,"countryName":{"fi":"Suomi","__typename":"CountryName"}},{"id":"6415712177706","ean":"6415712177706","name":"Rainbow 300g omenamarmeladi","price":1.79,"storeId":725782447,"__typename":"Product","approxPrice":false,"basicQuantityUnit":"KPL","comparisonPrice":5.97,"comparisonUnit":"KGM","consumerPackageSize":null,"consumerPackageUnit":null,"priceUnit":"KPL","quantityMultiplier":1,"brandName":"Rainbow","slug":"rainbow-300g-omenamarmeladi","isAgeLimitedByAlcohol":false,"frozen":false,"packagingLabels":[],"packagingLabelCodes":[],"hierarchyPath":[{"id":"Herkku_00000355","name":"Marmeladit","slug":"kuivatuotteet-ja-leivonta-1/hillot-ja-marmeladit/marmeladit","__typename":"HierarchyPathItem"},{"id":"Herkku_00000064","name":"Hillot ja marmeladit","slug":"kuivatuotteet-ja-leivonta-1/hillot-ja-marmeladit","__typename":"HierarchyPathItem"},{"id":"Herkku_00000007","name":"Kuivatuotteet ja leivonta","slug":"kuivatuotteet-ja-leivonta-1","__typename":"HierarchyPathItem"}],"isGlobalFallback":null,"countryName":{"fi":"Tanska","__typename":"CountryName"}},{"id":"6415712187439","ean":"6415712187439","name":"Kotimaista laktoositon Kinuskikastike 200 ml","price":1.49,"storeId":725782447,"__typename":"Product","approxPrice":false,"basicQuantityUnit":"KPL","comparisonPrice":7.45,"comparisonUnit":"KGM","consumerPackageSize":null,"consumerPackageUnit":null,"priceUnit":"KPL","quantityMultiplier":1,"brandName":"Kotimaista","slug":"kotimaista-laktoositon-kinuskikastike-200-ml","isAgeLimitedByAlcohol":false,"frozen":false,"packagingLabels":["Hyvää Suomesta (Sininen Joutsen)"],"packagingLabelCodes":["GOODS_FROM_FINLAND_BLUE_SWAN"],"hierarchyPath":[{"id":"Herkku_00000456","name":"Jälkiruokakastikkeet","slug":"kuivatuotteet-ja-leivonta-1/jalkiruoat/jalkiruokakastikkeet","__typename":"HierarchyPathItem"},{"id":"Herkku_00000085","name":"Jälkiruoat","slug":"kuivatuotteet-ja-leivonta-1/jalkiruoat","__typename":"HierarchyPathItem"},{"id":"Herkku_00000007","name":"Kuivatuotteet ja leivonta","slug":"kuivatuotteet-ja-leivonta-1","__typename":"HierarchyPathItem"}],"isGlobalFallback":null,"countryName":{"fi":"Suomi","__typename":"CountryName"}},{"id":"6415712188641","ean":"6415712188641","name":"Rainbow 400g lakkahillo","price":5.95,"storeId":725782447,"__typename":"Product","approxPrice":false,"basicQuantityUnit":"KPL","comparisonPrice":14.88,"comparisonUnit":"KGM","consumerPackageSize":null,"consumerPackageUnit":null,"priceUnit":"KPL","quantityMultiplier":1,"brandName":"Rainbow","slug":"rainbow-400g-lakkahillo","isAgeLimitedByAlcohol":false,"frozen":false,"packagingLabels":[],"packagingLabelCodes":[],"hierarchyPath":[{"id":"Herkku_00000354","name":"Hillot","slug":"kuivatuotteet-ja-leivonta-1/hillot-ja-marmeladit/hillot","__typename":"HierarchyPathItem"},{"id":"Herkku_00000064","name":"Hillot ja marmeladit","slug":"kuivatuotteet-ja-leivonta-1/hillot-ja-marmeladit","__typename":"HierarchyPathItem"},{"id":"Herkku_00000007","name":"Kuivatuotteet ja leivonta","slug":"kuivatuotteet-ja-leivonta-1","__typename":"HierarchyPathItem"}],"isGlobalFallback":null,"countryName":{"fi":"Tanska","__typename":"CountryName"}},{"id":"6415712300043","ean":"6415712300043","name":"Rainbow 3kg koiran kuivaruoka kana & lammas","price":8.95,"storeId":725782447,"__typename":"Product","approxPrice":false,"basicQuantityUnit":"KPL","comparisonPrice":2.98,"comparisonUnit":"KGM","consumerPackageSize":null,"consumerPackageUnit":null,"priceUnit":"KPL","quantityMultiplier":1,"brandName":"Rainbow","slug":"rainbow-3kg-koiran-kuivaruoka-kana-and-lammas","isAgeLimitedByAlcohol":false,"frozen":false,"packagingLabels":[],"packagingLabelCodes":[],"hierarchyPath":[{"id":"Herkku_00000539","name":"Koiran kuiva ruoka","slug":"lemmikit-1/koiranruoat/koiran-kuiva-ruoka","__typename":"HierarchyPathItem"},{"id":"Herkku_00000102","name":"Koiranruoat","slug":"lemmikit-1/koiranruoat","__typename":"HierarchyPathItem"},{"id":"Herkku_00000012","name":"Lemmikit","slug":"lemmikit-1","__typename":"HierarchyPathItem"}],"isGlobalFallback":null,"countryName":{"fi":"Tanska","__typename":"CountryName"}},{"id":"6415712300111","ean":"6415712300111","name":"Rainbow 200g tortilla chips natural","price":1.75,"storeId":725782447,"__typename":"Product","approxPrice":false,"basicQuantityUnit":"KPL","comparisonPrice":8.75,"comparisonUnit":"KGM","consumerPackageSize":null,"consumerPackageUnit":null,"priceUnit":"KPL","quantityMultiplier":1,"brandName":"Rainbow","slug":"rainbow-200g-tortilla-chips-natural","isAgeLimitedByAlcohol":false,"frozen":false,"packagingLabels":[],"packagingLabelCodes":[],"hierarchyPath":[{"id":"Herkku_00000465","name":"Lastut","slug":"oljyt-mausteet-maustaminen-1/tex-mex/lastut","__typename":"HierarchyPathItem"},{"id":"StructureGroup_198285814629","name":"Tex mex","slug":"oljyt-mausteet-maustaminen-1/tex-mex","__typename":"HierarchyPathItem"},{"id":"Herkku_00000011","name":"Öljyt, mausteet, maustaminen","slug":"oljyt-mausteet-maustaminen-1","__typename":"HierarchyPathItem"}],"isGlobalFallback":null,"countryName":{"fi":"Belgia","__typename":"CountryName"}},{"id":"6415712300425","ean":"6415712300425","name":"Rainbow 100g suolatut cashewpähkinät","price":1.95,"storeId":725782447,"__typename":"Product","approxPrice":false,"basicQuantityUnit":"KPL","comparisonPrice":19.5,"comparisonUnit":"KGM","consumerPackageSize":null,"consumerPackageUnit":null,"priceUnit":"KPL","quantityMultiplier":1,"brandName":"Rainbow","slug":"rainbow-100g-suolatut-cashewpahkinat","isAgeLimitedByAlcohol":false,"frozen":false,"packagingLabels":[],"packagingLabelCodes":[],"hierarchyPath":[{"id":"Herkku_00000305","name":"Pähkinät","slug":"kuivatuotteet-ja-leivonta-1/siemenet-pahkinat-ja-kuivatut-hedelmat/pahkinat","__typename":"HierarchyPathItem"},{"id":"Herkku_00000050","name":"Siemenet, pähkinät ja kuivatut hedelmät","slug":"kuivatuotteet-ja-leivonta-1/siemenet-pahkinat-ja-kuivatut-hedelmat","__typename":"HierarchyPathItem"},{"id":"Herkku_00000007","name":"Kuivatuotteet ja leivonta","slug":"kuivatuotteet-ja-leivonta-1","__typename":"HierarchyPathItem"}],"isGlobalFallback":null,"countryName":{"fi":"Intia","__typename":"CountryName"}},{"id":"6415712300623","ean":"6415712300623","name":"Rainbow 225/125g Tex Mex jalapenoviipaleet","price":1.59,"storeId":725782447,"__typename":"Product","approxPrice":false,"basicQuantityUnit":"KPL","comparisonPrice":12.72,"comparisonUnit":"KGM","consumerPackageSize":null,"consumerPackageUnit":null,"priceUnit":"KPL","quantityMultiplier":1,"brandName":"Rainbow","slug":"rainbow-225125g-tex-mex-jalapenoviipaleet","isAgeLimitedByAlcohol":false,"frozen":false,"packagingLabels":[],"packagingLabelCodes":[],"hierarchyPath":[{"id":"Herkku_00000463","name":"Tex-mex säilykkeet","slug":"oljyt-mausteet-maustaminen-1/tex-mex/tex-mex-sailykkeet","__typename":"HierarchyPathItem"},{"id":"StructureGroup_198285814629","name":"Tex mex","slug":"oljyt-mausteet-maustaminen-1/tex-mex","__typename":"HierarchyPathItem"},{"id":"Herkku_00000011","name":"Öljyt, mausteet, maustaminen","slug":"oljyt-mausteet-maustaminen-1","__typename":"HierarchyPathItem"}],"isGlobalFallback":null,"countryName":{"fi":"Yhdysvallat","__typename":"CountryName"}},{"id":"6415712300920","ean":"6415712300920","name":"Rainbow ABCDE-monivitamiiniporetabletti appelsiininmakuinen ravintolisä 20kpl/80g","price":1.45,"storeId":725782447,"__typename":"Product","approxPrice":false,"basicQuantityUnit":"KPL","comparisonPrice":0.07,"comparisonUnit":"PCE","consumerPackageSize":null,"consumerPackageUnit":null,"priceUnit":"KPL","quantityMultiplier":1,"brandName":"Rainbow","slug":"rainbow-abcde-monivitamiiniporetabletti-appelsiininmakuinen-ravintolisa-20kpl80g","isAgeLimitedByAlcohol":false,"frozen":false,"packagingLabels":[],"packagingLabelCodes":[],"hierarchyPath":[{"id":"Herkku_00001044","name":"Monivitamiinit","slug":"luontaistuotteet-ja-lisaravinteet-1/vitamiinit/monivitamiinit","__typename":"HierarchyPathItem"},{"id":"Herkku_00000177","name":"Vitamiinit","slug":"luontaistuotteet-ja-lisaravinteet-1/vitamiinit","__typename":"HierarchyPathItem"},{"id":"Herkku_00000016","name":"Luontaistuotteet ja lisäravinteet","slug":"luontaistuotteet-ja-lisaravinteet-1","__typename":"HierarchyPathItem"}],"isGlobalFallback":null,"countryName":{"fi":"Unkari","__typename":"CountryName"}},{"id":"6415712300951","ean":"6415712300951","name":"Rainbow ABCDE-monivitamiini-hivenainetabletti ravintolisä 100kpl/72g","price":3.99,"storeId":725782447,"__typename":"Product","approxPrice":false,"basicQuantityUnit":"KPL","comparisonPrice":0.04,"comparisonUnit":"PCE","consumerPackageSize":null,"consumerPackageUnit":null,"priceUnit":"KPL","quantityMultiplier":1,"brandName":"Rainbow","slug":"rainbow-abcde-monivitamiini-hivenainetabletti-ravintolisa-100kpl72g","isAgeLimitedByAlcohol":false,"frozen":false,"packagingLabels":[],"packagingLabelCodes":[],"hierarchyPath":[{"id":"Herkku_00001044","name":"Monivitamiinit","slug":"luontaistuotteet-ja-lisaravinteet-1/vitamiinit/monivitamiinit","__typename":"HierarchyPathItem"},{"id":"Herkku_00000177","name":"Vitamiinit","slug":"luontaistuotteet-ja-lisaravinteet-1/vitamiinit","__typename":"HierarchyPathItem"},{"id":"Herkku_00000016","name":"Luontaistuotteet ja lisäravinteet","slug":"luontaistuotteet-ja-lisaravinteet-1","__typename":"HierarchyPathItem"}],"isGlobalFallback":null,"countryName":{"fi":"Unkari","__typename":"CountryName"}},{"id":"6415712311209","ean":"6415712311209","name":"Kotimaista laktoositon sokerikorppu 400g","price":1.89,"storeId":725782447,"__typename":"Product","approxPrice":false,"basicQuantityUnit":"KPL","comparisonPrice":4.72,"comparisonUnit":"KGM","consumerPackageSize":null,"consumerPackageUnit":null,"priceUnit":"KPL","quantityMultiplier":1,"brandName":"Kotimaista","slug":"kotimaista-laktoositon-sokerikorppu-400g","isAgeLimitedByAlcohol":false,"frozen":false,"packagingLabels":["Hyvää Suomesta (Sininen Joutsen)"," Kierrätysmerkki"," Sydänmerkki"],"packagingLabelCodes":["FINNISH_HEART_SYMBOL"," GOODS_FROM_FINLAND_BLUE_SWAN"," RECYCLABLE_GENERAL_CLAIM"],"hierarchyPath":[{"id":"Herkku_00000446","name":"Korput","slug":"leivat-keksit-ja-leivonnaiset-1/korput-ja-rinkelit/korput","__typename":"HierarchyPathItem"},{"id":"Herkku_00000083","name":"Korput ja rinkelit","slug":"leivat-keksit-ja-leivonnaiset-1/korput-ja-rinkelit","__typename":"HierarchyPathItem"},{"id":"Herkku_00000008","name":"Leivät, keksit ja leivonnaiset","slug":"leivat-keksit-ja-leivonnaiset-1","__typename":"HierarchyPathItem"}],"isGlobalFallback":null,"countryName":{"fi":"Suomi","__typename":"CountryName"}},{"id":"6415712311223","ean":"6415712311223","name":"Rainbow 300g salsakastike medium","price":1.95,"storeId":725782447,"__typename":"Product","approxPrice":false,"basicQuantityUnit":"KPL","comparisonPrice":6.5,"comparisonUnit":"KGM","consumerPackageSize":null,"consumerPackageUnit":null,"priceUnit":"KPL","quantityMultiplier":1,"brandName":"Rainbow","slug":"rainbow-300g-salsakastike-medium","isAgeLimitedByAlcohol":false,"frozen":false,"packagingLabels":[],"packagingLabelCodes":[],"hierarchyPath":[{"id":"Herkku_00000466","name":"Tex-mex kastikkeet","slug":"oljyt-mausteet-maustaminen-1/tex-mex/tex-mex-kastikkeet","__typename":"HierarchyPathItem"},{"id":"StructureGroup_198285814629","name":"Tex mex","slug":"oljyt-mausteet-maustaminen-1/tex-mex","__typename":"HierarchyPathItem"},{"id":"Herkku_00000011","name":"Öljyt, mausteet, maustaminen","slug":"oljyt-mausteet-maustaminen-1","__typename":"HierarchyPathItem"}],"isGlobalFallback":null,"countryName":{"fi":"Belgia","__typename":"CountryName"}},{"id":"6415712322236","ean":"6415712322236","name":"Rainbow 300g salsakastike hot","price":1.95,"storeId":725782447,"__typename":"Product","approxPrice":false,"basicQuantityUnit":"KPL","comparisonPrice":6.5,"comparisonUnit":"KGM","consumerPackageSize":null,"consumerPackageUnit":null,"priceUnit":"KPL","quantityMultiplier":1,"brandName":"Rainbow","slug":"rainbow-300g-salsakastike-hot","isAgeLimitedByAlcohol":false,"frozen":false,"packagingLabels":[],"packagingLabelCodes":[],"hierarchyPath":[{"id":"Herkku_00000466","name":"Tex-mex kastikkeet","slug":"oljyt-mausteet-maustaminen-1/tex-mex/tex-mex-kastikkeet","__typename":"HierarchyPathItem"},{"id":"StructureGroup_198285814629","name":"Tex mex","slug":"oljyt-mausteet-maustaminen-1/tex-mex","__typename":"HierarchyPathItem"},{"id":"Herkku_00000011","name":"Öljyt, mausteet, maustaminen","slug":"oljyt-mausteet-maustaminen-1","__typename":"HierarchyPathItem"}],"isGlobalFallback":null,"countryName":{"fi":"Belgia","__typename":"CountryName"}},{"id":"6415712322335","ean":"6415712322335","name":"Rainbow 300g juustokastike medium","price":1.89,"storeId":725782447,"__typename":"Product","approxPrice":false,"basicQuantityUnit":"KPL","comparisonPrice":6.3,"comparisonUnit":"KGM","consumerPackageSize":null,"consumerPackageUnit":null,"priceUnit":"KPL","quantityMultiplier":1,"brandName":"Rainbow","slug":"rainbow-300g-juustokastike-medium","isAgeLimitedByAlcohol":false,"frozen":false,"packagingLabels":[],"packagingLabelCodes":[],"hierarchyPath":[{"id":"Herkku_00000466","name":"Tex-mex kastikkeet","slug":"oljyt-mausteet-maustaminen-1/tex-mex/tex-mex-kastikkeet","__typename":"HierarchyPathItem"},{"id":"StructureGroup_198285814629","name":"Tex mex","slug":"oljyt-mausteet-maustaminen-1/tex-mex","__typename":"HierarchyPathItem"},{"id":"Herkku_00000011","name":"Öljyt, mausteet, maustaminen","slug":"oljyt-mausteet-maustaminen-1","__typename":"HierarchyPathItem"}],"isGlobalFallback":null,"countryName":{"fi":"Belgia","__typename":"CountryName"}},{"id":"6415712323332","ean":"6415712323332","name":"Rainbow 300g guacamole","price":1.89,"storeId":725782447,"__typename":"Product","approxPrice":false,"basicQuantityUnit":"KPL","comparisonPrice":6.3,"comparisonUnit":"KGM","consumerPackageSize":null,"consumerPackageUnit":null,"priceUnit":"KPL","quantityMultiplier":1,"brandName":"Rainbow","slug":"rainbow-300g-guacamole","isAgeLimitedByAlcohol":false,"frozen":false,"packagingLabels":[],"packagingLabelCodes":[],"hierarchyPath":[{"id":"Herkku_00000466","name":"Tex-mex kastikkeet","slug":"oljyt-mausteet-maustaminen-1/tex-mex/tex-mex-kastikkeet","__typename":"HierarchyPathItem"},{"id":"StructureGroup_198285814629","name":"Tex mex","slug":"oljyt-mausteet-maustaminen-1/tex-mex","__typename":"HierarchyPathItem"},{"id":"Herkku_00000011","name":"Öljyt, mausteet, maustaminen","slug":"oljyt-mausteet-maustaminen-1","__typename":"HierarchyPathItem"}],"isGlobalFallback":null,"countryName":{"fi":"Belgia","__typename":"CountryName"}},{"id":"6415712333348","ean":"6415712333348","name":"Rainbow 320g vehnätortilla 8kpl","price":1.49,"storeId":725782447,"__typename":"Product","approxPrice":false,"basicQuantityUnit":"KPL","comparisonPrice":4.66,"comparisonUnit":"KGM","consumerPackageSize":null,"consumerPackageUnit":null,"priceUnit":"KPL","quantityMultiplier":1,"brandName":"Rainbow","slug":"rainbow-320g-vehnatortilla-8kpl","isAgeLimitedByAlcohol":false,"frozen":false,"packagingLabels":[],"packagingLabelCodes":[],"hierarchyPath":[{"id":"Herkku_00000464","name":"Kuoret, tortillat ja dinnerit","slug":"oljyt-mausteet-maustaminen-1/tex-mex/kuoret-tortillat-ja-dinnerit","__typename":"HierarchyPathItem"},{"id":"StructureGroup_198285814629","name":"Tex mex","slug":"oljyt-mausteet-maustaminen-1/tex-mex","__typename":"HierarchyPathItem"},{"id":"Herkku_00000011","name":"Öljyt, mausteet, maustaminen","slug":"oljyt-mausteet-maustaminen-1","__typename":"HierarchyPathItem"}],"isGlobalFallback":null,"countryName":{"fi":"Belgia","__typename":"CountryName"}},{"id":"6415712333454","ean":"6415712333454","name":"Kotimaista 2kg Erikoisvehnäjauho","price":1.89,"storeId":725782447,"__typename":"Product","approxPrice":false,"basicQuantityUnit":"KPL","comparisonPrice":0.95,"comparisonUnit":"KGM","consumerPackageSize":null,"consumerPackageUnit":null,"priceUnit":"KPL","quantityMultiplier":1,"brandName":"Kotimaista","slug":"kotimaista-2kg-erikoisvehnajauho","isAgeLimitedByAlcohol":false,"frozen":false,"packagingLabels":["Hyvää Suomesta (Sininen Joutsen)"," Kierrätysmerkki"],"packagingLabelCodes":["GOODS_FROM_FINLAND_BLUE_SWAN"," RECYCLABLE_GENERAL_CLAIM"],"hierarchyPath":[{"id":"1591691233688899","name":"Vehnäjauhot","slug":"kuivatuotteet-ja-leivonta-1/jauhot-ja-leivontaseokset/vehnajauhot","__typename":"HierarchyPathItem"},{"id":"Herkku_00000066","name":"Jauhot ja leivontaseokset","slug":"kuivatuotteet-ja-leivonta-1/jauhot-ja-leivontaseokset","__typename":"HierarchyPathItem"},{"id":"Herkku_00000007","name":"Kuivatuotteet ja leivonta","slug":"kuivatuotteet-ja-leivonta-1","__typename":"HierarchyPathItem"}],"isGlobalFallback":null,"countryName":{"fi":"Suomi","__typename":"CountryName"}},{"id":"6415712343316","ean":"6415712343316","name":"Rainbow 300g sämpylä 4kpl","price":1.25,"storeId":725782447,"__typename":"Product","approxPrice":false,"basicQuantityUnit":"KPL","comparisonPrice":4.17,"comparisonUnit":"KGM","consumerPackageSize":null,"consumerPackageUnit":null,"priceUnit":"KPL","quantityMultiplier":1,"brandName":"Rainbow","slug":"rainbow-300g-sampyla-4kpl","isAgeLimitedByAlcohol":false,"frozen":false,"packagingLabels":[],"packagingLabelCodes":[],"hierarchyPath":[{"id":"Herkku_00000947","name":"Kotona paistettavat","slug":"leivat-keksit-ja-leivonnaiset-1/leivat/kotona-paistettavat","__typename":"HierarchyPathItem"},{"id":"StructureGroup_1796559627347513","name":"Leivät","slug":"leivat-keksit-ja-leivonnaiset-1/leivat","__typename":"HierarchyPathItem"},{"id":"Herkku_00000008","name":"Leivät, keksit ja leivonnaiset","slug":"leivat-keksit-ja-leivonnaiset-1","__typename":"HierarchyPathItem"}],"isGlobalFallback":null,"countryName":{"fi":"Ranska","__typename":"CountryName"}},{"id":"6415712343354","ean":"6415712343354","name":"Rainbow Ranskalaiset patongit 2kpl 300g","price":1.25,"storeId":725782447,"__typename":"Product","approxPrice":false,"basicQuantityUnit":"KPL","comparisonPrice":4.17,"comparisonUnit":"KGM","consumerPackageSize":null,"consumerPackageUnit":null,"priceUnit":"KPL","quantityMultiplier":1,"brandName":"Rainbow","slug":"rainbow-ranskalaiset-patongit-2kpl-300g","isAgeLimitedByAlcohol":false,"frozen":false,"packagingLabels":[],"packagingLabelCodes":[],"hierarchyPath":[{"id":"Herkku_00000947","name":"Kotona paistettavat","slug":"leivat-keksit-ja-leivonnaiset-1/leivat/kotona-paistettavat","__typename":"HierarchyPathItem"},{"id":"StructureGroup_1796559627347513","name":"Leivät","slug":"leivat-keksit-ja-leivonnaiset-1/leivat","__typename":"HierarchyPathItem"},{"id":"Herkku_00000008","name":"Leivät, keksit ja leivonnaiset","slug":"leivat-keksit-ja-leivonnaiset-1","__typename":"HierarchyPathItem"}],"isGlobalFallback":null,"countryName":{"fi":"Ranska","__typename":"CountryName"}},{"id":"6415712348359","ean":"6415712348359","name":"Kotimaista 1kg Luomuvehnäjauho","price":1.89,"storeId":725782447,"__typename":"Product","approxPrice":false,"basicQuantityUnit":"KPL","comparisonPrice":1.89,"comparisonUnit":"KGM","consumerPackageSize":null,"consumerPackageUnit":null,"priceUnit":"KPL","quantityMultiplier":1,"brandName":"Kotimaista","slug":"kotimaista-1kg-luomuvehnajauho","isAgeLimitedByAlcohol":false,"frozen":false,"packagingLabels":["EU:n luomutunnus (lehti)"," Hyvää Suomesta (Sininen Joutsen)"],"packagingLabelCodes":["EU_ORGANIC_FARMING"," GOODS_FROM_FINLAND_BLUE_SWAN"],"hierarchyPath":[{"id":"1591691233688899","name":"Vehnäjauhot","slug":"kuivatuotteet-ja-leivonta-1/jauhot-ja-leivontaseokset/vehnajauhot","__typename":"HierarchyPathItem"},{"id":"Herkku_00000066","name":"Jauhot ja leivontaseokset","slug":"kuivatuotteet-ja-leivonta-1/jauhot-ja-leivontaseokset","__typename":"HierarchyPathItem"},{"id":"Herkku_00000007","name":"Kuivatuotteet ja leivonta","slug":"kuivatuotteet-ja-leivonta-1","__typename":"HierarchyPathItem"}],"isGlobalFallback":null,"countryName":{"fi":"Suomi","__typename":"CountryName"}},{"id":"6415712350550","ean":"6415712350550","name":"Kotimaista rinkeli, laktoositon 350 g","price":1.89,"storeId":725782447,"__typename":"Product","approxPrice":false,"basicQuantityUnit":"KPL","comparisonPrice":5.4,"comparisonUnit":"KGM","consumerPackageSize":null,"consumerPackageUnit":null,"priceUnit":"KPL","quantityMultiplier":1,"brandName":"Kotimaista","slug":"kotimaista-rinkeli-laktoositon-350-g","isAgeLimitedByAlcohol":false,"frozen":false,"packagingLabels":["Hyvää Suomesta (Sininen Joutsen)"],"packagingLabelCodes":["GOODS_FROM_FINLAND_BLUE_SWAN"],"hierarchyPath":[{"id":"Herkku_00000447","name":"Rinkelit","slug":"leivat-keksit-ja-leivonnaiset-1/korput-ja-rinkelit/rinkelit","__typename":"HierarchyPathItem"},{"id":"Herkku_00000083","name":"Korput ja rinkelit","slug":"leivat-keksit-ja-leivonnaiset-1/korput-ja-rinkelit","__typename":"HierarchyPathItem"},{"id":"Herkku_00000008","name":"Leivät, keksit ja leivonnaiset","slug":"leivat-keksit-ja-leivonnaiset-1","__typename":"HierarchyPathItem"}],"isGlobalFallback":null,"countryName":{"fi":"Suomi","__typename":"CountryName"}},{"id":"6415712400071","ean":"6415712400071","name":"Kotimaista Lähdevesi 1,5l","price":1.4900000000000002,"storeId":725782447,"__typename":"Product","approxPrice":false,"basicQuantityUnit":"KPL","comparisonPrice":0.73,"comparisonUnit":"LTR","consumerPackageSize":null,"consumerPackageUnit":null,"priceUnit":"KPL","quantityMultiplier":1,"brandName":"Kotimaista","slug":"kotimaista-lahdevesi-1-5l","isAgeLimitedByAlcohol":false,"frozen":false,"packagingLabels":["Hyvää Suomesta (Sininen Joutsen)"],"packagingLabelCodes":["GOODS_FROM_FINLAND_BLUE_SWAN"],"hierarchyPath":[{"id":"Herkku_00000855","name":"Lähdevedet","slug":"juomat-1/vedet/lahdevedet","__typename":"HierarchyPathItem"},{"id":"Herkku_00000141","name":"Vedet","slug":"juomat-1/vedet","__typename":"HierarchyPathItem"},{"id":"Herkku_00000005","name":"Juomat","slug":"juomat-1","__typename":"HierarchyPathItem"}],"isGlobalFallback":null,"countryName":{"fi":"Suomi","__typename":"CountryName"}},{"id":"6415712400101","ean":"6415712400101","name":"Kotimaista Hiilihapollinen lähdevesi 1,5l","price":1.4900000000000002,"storeId":725782447,"__typename":"Product","approxPrice":false,"basicQuantityUnit":"KPL","comparisonPrice":0.73,"comparisonUnit":"LTR","consumerPackageSize":null,"consumerPackageUnit":null,"priceUnit":"KPL","quantityMultiplier":1,"brandName":"Kotimaista","slug":"kotimaista-hiilihapollinen-lahdevesi-1-5l","isAgeLimitedByAlcohol":false,"frozen":false,"packagingLabels":["Hyvää Suomesta (Sininen Joutsen)"],"packagingLabelCodes":["GOODS_FROM_FINLAND_BLUE_SWAN"],"hierarchyPath":[{"id":"Herkku_00000855","name":"Lähdevedet","slug":"juomat-1/vedet/lahdevedet","__typename":"HierarchyPathItem"},{"id":"Herkku_00000141","name":"Vedet","slug":"juomat-1/vedet","__typename":"HierarchyPathItem"},{"id":"Herkku_00000005","name":"Juomat","slug":"juomat-1","__typename":"HierarchyPathItem"}],"isGlobalFallback":null,"countryName":{"fi":"Suomi","__typename":"CountryName"}},{"id":"6415712400323","ean":"6415712400323","name":"Kotimaista Kivennäisvesi sitruuna 1,5l","price":1.4900000000000002,"storeId":725782447,"__typename":"Product","approxPrice":false,"basicQuantityUnit":"KPL","comparisonPrice":0.73,"comparisonUnit":"LTR","consumerPackageSize":null,"consumerPackageUnit":null,"priceUnit":"KPL","quantityMultiplier":1,"brandName":"Kotimaista","slug":"kotimaista-kivennaisvesi-sitruuna-1-5l","isAgeLimitedByAlcohol":false,"frozen":false,"packagingLabels":["Hyvää Suomesta (Sininen Joutsen)"],"packagingLabelCodes":["GOODS_FROM_FINLAND_BLUE_SWAN"],"hierarchyPath":[{"id":"Herkku_00000852","name":"Kivennäisvedet","slug":"juomat-1/vedet/kivennaisvedet","__typename":"HierarchyPathItem"},{"id":"Herkku_00000141","name":"Vedet","slug":"juomat-1/vedet","__typename":"HierarchyPathItem"},{"id":"Herkku_00000005","name":"Juomat","slug":"juomat-1","__typename":"HierarchyPathItem"}],"isGlobalFallback":null,"countryName":{"fi":"Suomi","__typename":"CountryName"}},{"id":"6415712500825","ean":"6415712500825","name":"Rainbow 235/113g kivettömät mustat oliivit","price":1.09,"storeId":725782447,"__typename":"Product","approxPrice":false,"basicQuantityUnit":"KPL","comparisonPrice":9.65,"comparisonUnit":"KGM","consumerPackageSize":null,"consumerPackageUnit":null,"priceUnit":"KPL","quantityMultiplier":1,"brandName":"Rainbow","slug":"rainbow-235113g-kivettomat-mustat-oliivit","isAgeLimitedByAlcohol":false,"frozen":false,"packagingLabels":[],"packagingLabelCodes":[],"hierarchyPath":[{"id":"Herkku_00000353","name":"Hedelmäsäilykkeet","slug":"kuivatuotteet-ja-leivonta-1/sailykkeet/hedelmasailykkeet","__typename":"HierarchyPathItem"},{"id":"Herkku_00000063","name":"Säilykkeet","slug":"kuivatuotteet-ja-leivonta-1/sailykkeet","__typename":"HierarchyPathItem"},{"id":"Herkku_00000007","name":"Kuivatuotteet ja leivonta","slug":"kuivatuotteet-ja-leivonta-1","__typename":"HierarchyPathItem"}],"isGlobalFallback":null,"countryName":{"fi":"Espanja","__typename":"CountryName"}},{"id":"6415712501297","ean":"6415712501297","name":"Rainbow 185/110g tonnikalaa sitruunalla ja pippurilla","price":1.95,"storeId":725782447,"__typename":"Product","approxPrice":false,"basicQuantityUnit":"KPL","comparisonPrice":10.54,"comparisonUnit":"KGM","consumerPackageSize":null,"consumerPackageUnit":null,"priceUnit":"KPL","quantityMultiplier":1,"brandName":"Rainbow","slug":"rainbow-185110g-tonnikalaa-sitruunalla-ja-pippurilla","isAgeLimitedByAlcohol":false,"frozen":false,"packagingLabels":[],"packagingLabelCodes":[],"hierarchyPath":[{"id":"Herkku_00000352","name":"Kala- ja äyriäissäilykkeet","slug":"kuivatuotteet-ja-leivonta-1/sailykkeet/kala-ja-ayriaissailykkeet","__typename":"HierarchyPathItem"},{"id":"Herkku_00000063","name":"Säilykkeet","slug":"kuivatuotteet-ja-leivonta-1/sailykkeet","__typename":"HierarchyPathItem"},{"id":"Herkku_00000007","name":"Kuivatuotteet ja leivonta","slug":"kuivatuotteet-ja-leivonta-1","__typename":"HierarchyPathItem"}],"isGlobalFallback":null,"countryName":{"fi":"Vietnam","__typename":"CountryName"}},{"id":"6415712501365","ean":"6415712501365","name":"Rainbow 400g/250g hedelmäkuutiot mehussa","price":2.69,"storeId":725782447,"__typename":"Product","approxPrice":false,"basicQuantityUnit":"KPL","comparisonPrice":10.76,"comparisonUnit":"KGM","consumerPackageSize":null,"consumerPackageUnit":null,"priceUnit":"KPL","quantityMultiplier":1,"brandName":"Rainbow","slug":"rainbow-400g250g-hedelmakuutiot-mehussa","isAgeLimitedByAlcohol":false,"frozen":false,"packagingLabels":[],"packagingLabelCodes":[],"hierarchyPath":[{"id":"Herkku_00000353","name":"Hedelmäsäilykkeet","slug":"kuivatuotteet-ja-leivonta-1/sailykkeet/hedelmasailykkeet","__typename":"HierarchyPathItem"},{"id":"Herkku_00000063","name":"Säilykkeet","slug":"kuivatuotteet-ja-leivonta-1/sailykkeet","__typename":"HierarchyPathItem"},{"id":"Herkku_00000007","name":"Kuivatuotteet ja leivonta","slug":"kuivatuotteet-ja-leivonta-1","__typename":"HierarchyPathItem"}],"isGlobalFallback":null,"countryName":{"fi":"Kreikka","__typename":"CountryName"}},{"id":"6415712502225","ean":"6415712502225","name":"Rainbow sitruunajäätee 1,5l","price":1.75,"storeId":725782447,"__typename":"Product","approxPrice":false,"basicQuantityUnit":"KPL","comparisonPrice":1.17,"comparisonUnit":"LTR","consumerPackageSize":null,"consumerPackageUnit":null,"priceUnit":"KPL","quantityMultiplier":1,"brandName":"Rainbow","slug":"rainbow-sitruunajaatee-1-5l","isAgeLimitedByAlcohol":false,"frozen":false,"packagingLabels":["FSC-sertifikaatti (Forest Stewardship Council)"],"packagingLabelCodes":["FOREST_STEWARDSHIP_COUNCIL_LABEL"],"hierarchyPath":[{"id":"Herkku_00000673","name":"Jääteet","slug":"juomat-1/mehut/jaateet","__typename":"HierarchyPathItem"},{"id":"Herkku_00000120","name":"Mehut","slug":"juomat-1/mehut","__typename":"HierarchyPathItem"},{"id":"Herkku_00000005","name":"Juomat","slug":"juomat-1","__typename":"HierarchyPathItem"}],"isGlobalFallback":null,"countryName":{"fi":"Suomi","__typename":"CountryName"}},{"id":"6415712502454","ean":"6415712502454","name":"Rainbow päärynäjuoma 1l","price":1.25,"storeId":725782447,"__typename":"Product","approxPrice":false,"basicQuantityUnit":"KPL","comparisonPrice":1.25,"comparisonUnit":"LTR","consumerPackageSize":null,"consumerPackageUnit":null,"priceUnit":"KPL","quantityMultiplier":1,"brandName":"Rainbow","slug":"rainbow-paarynajuoma-1l","isAgeLimitedByAlcohol":false,"frozen":false,"packagingLabels":["FSC-sertifikaatti (Forest Stewardship Council)"],"packagingLabelCodes":["FOREST_STEWARDSHIP_COUNCIL_LABEL"],"hierarchyPath":[{"id":"Herkku_00000658","name":"Muut hedelmämehut","slug":"juomat-1/mehut/muut-hedelmamehut","__typename":"HierarchyPathItem"},{"id":"Herkku_00000120","name":"Mehut","slug":"juomat-1/mehut","__typename":"HierarchyPathItem"},{"id":"Herkku_00000005","name":"Juomat","slug":"juomat-1","__typename":"HierarchyPathItem"}],"isGlobalFallback":null,"countryName":{"fi":"Suomi","__typename":"CountryName"}},{"id":"6415712502874","ean":"6415712502874","name":"Rainbow Appelsiinitäysmehu 1l","price":1.82,"storeId":725782447,"__typename":"Product","approxPrice":false,"basicQuantityUnit":"KPL","comparisonPrice":1.82,"comparisonUnit":"LTR","consumerPackageSize":null,"consumerPackageUnit":null,"priceUnit":"KPL","quantityMultiplier":1,"brandName":"Rainbow","slug":"rainbow-appelsiinitaysmehu-1l","isAgeLimitedByAlcohol":false,"frozen":false,"packagingLabels":["FSC-sertifikaatti (Forest Stewardship Council)"],"packagingLabelCodes":["FOREST_STEWARDSHIP_COUNCIL_LABEL"],"hierarchyPath":[{"id":"Herkku_00000665","name":"Appelsiinimehut","slug":"juomat-1/mehut/appelsiinimehut","__typename":"HierarchyPathItem"},{"id":"Herkku_00000120","name":"Mehut","slug":"juomat-1/mehut","__typename":"HierarchyPathItem"},{"id":"Herkku_00000005","name":"Juomat","slug":"juomat-1","__typename":"HierarchyPathItem"}],"isGlobalFallback":null,"countryName":{"fi":"Suomi","__typename":"CountryName"}},{"id":"6415712503765","ean":"6415712503765","name":"Rainbow 500g kahvi suodatinjauhatus","price":4.99,"storeId":725782447,"__typename":"Product","approxPrice":false,"basicQuantityUnit":"KPL","comparisonPrice":9.98,"comparisonUnit":"KGM","consumerPackageSize":null,"consumerPackageUnit":null,"priceUnit":"KPL","quantityMultiplier":1,"brandName":"Rainbow","slug":"rainbow-500g-kahvi-suodatinjauhatus","isAgeLimitedByAlcohol":false,"frozen":false,"packagingLabels":[],"packagingLabelCodes":[],"hierarchyPath":[{"id":"1591691224561855","name":"Kahvit","slug":"juomat-1/kahvit-ja-suodatinpaperit/kahvit","__typename":"HierarchyPathItem"},{"id":"Herkku_00000089","name":"Kahvit ja suodatinpaperit","slug":"juomat-1/kahvit-ja-suodatinpaperit","__typename":"HierarchyPathItem"},{"id":"Herkku_00000005","name":"Juomat","slug":"juomat-1","__typename":"HierarchyPathItem"}],"isGlobalFallback":null,"countryName":{"fi":"Alankomaat","__typename":"CountryName"}},{"id":"6415712503864","ean":"6415712503864","name":"Rainbow sokeriton metsämarjajuoma 2dl","price":0.32,"storeId":725782447,"__typename":"Product","approxPrice":false,"basicQuantityUnit":"KPL","comparisonPrice":1.6,"comparisonUnit":"LTR","consumerPackageSize":null,"consumerPackageUnit":null,"priceUnit":"KPL","quantityMultiplier":1,"brandName":"Rainbow","slug":"rainbow-sokeriton-metsamarjajuoma-2dl","isAgeLimitedByAlcohol":false,"frozen":false,"packagingLabels":["FSC-sertifikaatti (Forest Stewardship Council)"],"packagingLabelCodes":["FOREST_STEWARDSHIP_COUNCIL_LABEL"],"hierarchyPath":[{"id":"Herkku_00000666","name":"Muut mehut","slug":"juomat-1/mehut/muut-mehut","__typename":"HierarchyPathItem"},{"id":"Herkku_00000120","name":"Mehut","slug":"juomat-1/mehut","__typename":"HierarchyPathItem"},{"id":"Herkku_00000005","name":"Juomat","slug":"juomat-1","__typename":"HierarchyPathItem"}],"isGlobalFallback":null,"countryName":{"fi":"Suomi","__typename":"CountryName"}},{"id":"6415712504137","ean":"6415712504137","name":"Rainbow 500g kahvi pannujauhatus","price":4.99,"storeId":725782447,"__typename":"Product","approxPrice":false,"basicQuantityUnit":"KPL","comparisonPrice":9.98,"comparisonUnit":"KGM","consumerPackageSize":null,"consumerPackageUnit":null,"priceUnit":"KPL","quantityMultiplier":1,"brandName":"Rainbow","slug":"rainbow-500g-kahvi-pannujauhatus","isAgeLimitedByAlcohol":false,"frozen":false,"packagingLabels":[],"packagingLabelCodes":[],"hierarchyPath":[{"id":"1591691224561855","name":"Kahvit","slug":"juomat-1/kahvit-ja-suodatinpaperit/kahvit","__typename":"HierarchyPathItem"},{"id":"Herkku_00000089","name":"Kahvit ja suodatinpaperit","slug":"juomat-1/kahvit-ja-suodatinpaperit","__typename":"HierarchyPathItem"},{"id":"Herkku_00000005","name":"Juomat","slug":"juomat-1","__typename":"HierarchyPathItem"}],"isGlobalFallback":null,"countryName":{"fi":"Alankomaat","__typename":"CountryName"}},{"id":"6415712504427","ean":"6415712504427","name":"Rainbow 250ml Mokka maitokahvijuoma","price":1.55,"storeId":725782447,"__typename":"Product","approxPrice":false,"basicQuantityUnit":"KPL","comparisonPrice":6.2,"comparisonUnit":"LTR","consumerPackageSize":null,"consumerPackageUnit":null,"priceUnit":"KPL","quantityMultiplier":1,"brandName":"Rainbow","slug":"rainbow-250ml-mokka-maitokahvijuoma","isAgeLimitedByAlcohol":false,"frozen":false,"packagingLabels":[],"packagingLabelCodes":[],"hierarchyPath":[{"id":"Herkku_00000502","name":"Valmiit kahvijuomat","slug":"juomat-1/kahvit-ja-suodatinpaperit/valmiit-kahvijuomat","__typename":"HierarchyPathItem"},{"id":"Herkku_00000089","name":"Kahvit ja suodatinpaperit","slug":"juomat-1/kahvit-ja-suodatinpaperit","__typename":"HierarchyPathItem"},{"id":"Herkku_00000005","name":"Juomat","slug":"juomat-1","__typename":"HierarchyPathItem"}],"isGlobalFallback":null,"countryName":{"fi":"Belgia","__typename":"CountryName"}},{"id":"6415712504618","ean":"6415712504618","name":"Rainbow 250g suolatikut","price":1.59,"storeId":725782447,"__typename":"Product","approxPrice":false,"basicQuantityUnit":"KPL","comparisonPrice":6.36,"comparisonUnit":"KGM","consumerPackageSize":null,"consumerPackageUnit":null,"priceUnit":"KPL","quantityMultiplier":1,"brandName":"Rainbow","slug":"rainbow-250g-suolatikut","isAgeLimitedByAlcohol":false,"frozen":false,"packagingLabels":[],"packagingLabelCodes":[],"hierarchyPath":[{"id":"Herkku_00000351","name":"Leivotut snacksit","slug":"makeiset-ja-naposteltavat-1/sipsit-ja-muut-naposteltavat/leivotut-snacksit","__typename":"HierarchyPathItem"},{"id":"Herkku_00000062","name":"Sipsit ja muut naposteltavat","slug":"makeiset-ja-naposteltavat-1/sipsit-ja-muut-naposteltavat","__typename":"HierarchyPathItem"},{"id":"Herkku_00000009","name":"Makeiset ja naposteltavat","slug":"makeiset-ja-naposteltavat-1","__typename":"HierarchyPathItem"}],"isGlobalFallback":null,"countryName":{"fi":"Puola","__typename":"CountryName"}},{"id":"6415712505028","ean":"6415712505028","name":"Rainbow Sitrus 4,7% 0,5L long drink","price":2.79,"storeId":725782447,"__typename":"Product","approxPrice":false,"basicQuantityUnit":"KPL","comparisonPrice":5.28,"comparisonUnit":"LTR","consumerPackageSize":null,"consumerPackageUnit":null,"priceUnit":"KPL","quantityMultiplier":1,"brandName":"Rainbow","slug":"rainbow-sitrus-4-7-0-5l-long-drink","isAgeLimitedByAlcohol":true,"frozen":false,"packagingLabels":[],"packagingLabelCodes":[],"hierarchyPath":[{"id":"1591691240635051","name":"Maustetut lonkerot","slug":"juomat-1/lonkerot/maustetut-lonkerot","__typename":"HierarchyPathItem"},{"id":"Herkku_00000139","name":"Lonkerot","slug":"juomat-1/lonkerot","__typename":"HierarchyPathItem"},{"id":"Herkku_00000005","name":"Juomat","slug":"juomat-1","__typename":"HierarchyPathItem"}],"isGlobalFallback":null,"countryName":{"fi":"Suomi","__typename":"CountryName"}},{"id":"6415712505479","ean":"6415712505479","name":"6xRainbow Pear Päärynäsiideri 4,7 % 0,33l tlk","price":10.74,"storeId":725782447,"__typename":"Product","approxPrice":false,"basicQuantityUnit":"KPL","comparisonPrice":4.97,"comparisonUnit":"LTR","consumerPackageSize":null,"consumerPackageUnit":null,"priceUnit":"KPL","quantityMultiplier":1,"brandName":"Rainbow","slug":"6xrainbow-pear-paarynasiideri-4-7-0-33l-tlk","isAgeLimitedByAlcohol":true,"frozen":false,"packagingLabels":[],"packagingLabelCodes":[],"hierarchyPath":[{"id":"1591691240635058","name":"Päärynäsiiderit","slug":"juomat-1/siiderit/paarynasiiderit","__typename":"HierarchyPathItem"},{"id":"Herkku_00000133","name":"Siiderit","slug":"juomat-1/siiderit","__typename":"HierarchyPathItem"},{"id":"Herkku_00000005","name":"Juomat","slug":"juomat-1","__typename":"HierarchyPathItem"}],"isGlobalFallback":null,"countryName":{"fi":"Suomi","__typename":"CountryName"}},{"id":"6415712505493","ean":"6415712505493","name":"6 x Rainbow päärynäsiideri light 4,7% 0,33l tlk","price":10.74,"storeId":725782447,"__typename":"Product","approxPrice":false,"basicQuantityUnit":"KPL","comparisonPrice":4.97,"comparisonUnit":"LTR","consumerPackageSize":null,"consumerPackageUnit":null,"priceUnit":"KPL","quantityMultiplier":1,"brandName":"Rainbow","slug":"6-x-rainbow-paarynasiideri-light-4-7-0-33l-tlk","isAgeLimitedByAlcohol":true,"frozen":false,"packagingLabels":[],"packagingLabelCodes":[],"hierarchyPath":[{"id":"1591691240635058","name":"Päärynäsiiderit","slug":"juomat-1/siiderit/paarynasiiderit","__typename":"HierarchyPathItem"},{"id":"Herkku_00000133","name":"Siiderit","slug":"juomat-1/siiderit","__typename":"HierarchyPathItem"},{"id":"Herkku_00000005","name":"Juomat","slug":"juomat-1","__typename":"HierarchyPathItem"}],"isGlobalFallback":null,"countryName":{"fi":"Suomi","__typename":"CountryName"}},{"id":"6415712505547","ean":"6415712505547","name":"6 x Rainbow kuiva omenasiideri 4,7% 0,33 l tlk kutiste","price":10.5,"storeId":725782447,"__typename":"Product","approxPrice":false,"basicQuantityUnit":"KPL","comparisonPrice":4.85,"comparisonUnit":"LTR","consumerPackageSize":null,"consumerPackageUnit":null,"priceUnit":"KPL","quantityMultiplier":1,"brandName":"Rainbow","slug":"6-x-rainbow-kuiva-omenasiideri-4-7-0-33-l-tlk-kutiste","isAgeLimitedByAlcohol":true,"frozen":false,"packagingLabels":[],"packagingLabelCodes":[],"hierarchyPath":[{"id":"1591691240635057","name":"Omenasiiderit","slug":"juomat-1/siiderit/omenasiiderit","__typename":"HierarchyPathItem"},{"id":"Herkku_00000133","name":"Siiderit","slug":"juomat-1/siiderit","__typename":"HierarchyPathItem"},{"id":"Herkku_00000005","name":"Juomat","slug":"juomat-1","__typename":"HierarchyPathItem"}],"isGlobalFallback":null,"countryName":{"fi":"Suomi","__typename":"CountryName"}},{"id":"6415712505714","ean":"6415712505714","name":"Kotimaista Hiilihapollinen lähdevesi 0,5l","price":0.8899999999999999,"storeId":725782447,"__typename":"Product","approxPrice":false,"basicQuantityUnit":"KPL","comparisonPrice":1.38,"comparisonUnit":"LTR","consumerPackageSize":null,"consumerPackageUnit":null,"priceUnit":"KPL","quantityMultiplier":1,"brandName":"Kotimaista","slug":"kotimaista-hiilihapollinen-lahdevesi-0-5l","isAgeLimitedByAlcohol":false,"frozen":false,"packagingLabels":["Hyvää Suomesta (Sininen Joutsen)"],"packagingLabelCodes":["GOODS_FROM_FINLAND_BLUE_SWAN"],"hierarchyPath":[{"id":"Herkku_00000855","name":"Lähdevedet","slug":"juomat-1/vedet/lahdevedet","__typename":"HierarchyPathItem"},{"id":"Herkku_00000141","name":"Vedet","slug":"juomat-1/vedet","__typename":"HierarchyPathItem"},{"id":"Herkku_00000005","name":"Juomat","slug":"juomat-1","__typename":"HierarchyPathItem"}],"isGlobalFallback":null,"countryName":{"fi":"Suomi","__typename":"CountryName"}},{"id":"6415712505745","ean":"6415712505745","name":"Kotimaista Lähdevesi 0,5l","price":0.8899999999999999,"storeId":725782447,"__typename":"Product","approxPrice":false,"basicQuantityUnit":"KPL","comparisonPrice":1.38,"comparisonUnit":"LTR","consumerPackageSize":null,"consumerPackageUnit":null,"priceUnit":"KPL","quantityMultiplier":1,"brandName":"Kotimaista","slug":"kotimaista-lahdevesi-0-5l","isAgeLimitedByAlcohol":false,"frozen":false,"packagingLabels":["Hyvää Suomesta (Sininen Joutsen)"],"packagingLabelCodes":["GOODS_FROM_FINLAND_BLUE_SWAN"],"hierarchyPath":[{"id":"Herkku_00000855","name":"Lähdevedet","slug":"juomat-1/vedet/lahdevedet","__typename":"HierarchyPathItem"},{"id":"Herkku_00000141","name":"Vedet","slug":"juomat-1/vedet","__typename":"HierarchyPathItem"},{"id":"Herkku_00000005","name":"Juomat","slug":"juomat-1","__typename":"HierarchyPathItem"}],"isGlobalFallback":null,"countryName":{"fi":"Suomi","__typename":"CountryName"}},{"id":"6415712505776","ean":"6415712505776","name":"Rainbow päärynä virvoitusjuoma 1,5l","price":2.39,"storeId":725782447,"__typename":"Product","approxPrice":false,"basicQuantityUnit":"KPL","comparisonPrice":1.33,"comparisonUnit":"LTR","consumerPackageSize":null,"consumerPackageUnit":null,"priceUnit":"KPL","quantityMultiplier":1,"brandName":"Rainbow","slug":"rainbow-paaryna-virvoitusjuoma-1-5l","isAgeLimitedByAlcohol":false,"frozen":false,"packagingLabels":[],"packagingLabelCodes":[],"hierarchyPath":[{"id":"Herkku_00000797","name":"Muut virvoitusjuomat","slug":"juomat-1/virvoitusjuomat/muut-virvoitusjuomat","__typename":"HierarchyPathItem"},{"id":"Herkku_00000048","name":"Virvoitusjuomat","slug":"juomat-1/virvoitusjuomat","__typename":"HierarchyPathItem"},{"id":"Herkku_00000005","name":"Juomat","slug":"juomat-1","__typename":"HierarchyPathItem"}],"isGlobalFallback":null,"countryName":{"fi":"Suomi","__typename":"CountryName"}},{"id":"6415712506117","ean":"6415712506117","name":"Kotimaista täysmaito 1l","price":1.55,"storeId":725782447,"__typename":"Product","approxPrice":false,"basicQuantityUnit":"KPL","comparisonPrice":1.55,"comparisonUnit":"LTR","consumerPackageSize":null,"consumerPackageUnit":null,"priceUnit":"KPL","quantityMultiplier":1,"brandName":"Kotimaista","slug":"kotimaista-taysmaito-1l","isAgeLimitedByAlcohol":false,"frozen":false,"packagingLabels":["Hyvää Suomesta (Sininen Joutsen)"],"packagingLabelCodes":["GOODS_FROM_FINLAND_BLUE_SWAN"],"hierarchyPath":[{"id":"1591691235495235","name":"Maidot","slug":"maito-munat-ja-rasvat-0/maidot-ja-piimat/maidot","__typename":"HierarchyPathItem"},{"id":"Herkku_00000122","name":"Maidot ja piimät","slug":"maito-munat-ja-rasvat-0/maidot-ja-piimat","__typename":"HierarchyPathItem"},{"id":"Herkku_00000006","name":"Maito, munat ja rasvat","slug":"maito-munat-ja-rasvat-0","__typename":"HierarchyPathItem"}],"isGlobalFallback":null,"countryName":{"fi":"Suomi","__typename":"CountryName"}},{"id":"6415712506322","ean":"6415712506322","name":"Rainbow MangOrange virvoitusjuoma mangon ja appelsiinin makuinen 1,5l","price":2.55,"storeId":725782447,"__typename":"Product","approxPrice":false,"basicQuantityUnit":"KPL","comparisonPrice":1.43,"comparisonUnit":"LTR","consumerPackageSize":null,"consumerPackageUnit":null,"priceUnit":"KPL","quantityMultiplier":1,"brandName":"Rainbow","slug":"rainbow-mangorange-virvoitusjuoma-mangon-ja-appelsiinin-makuinen-1-5l","isAgeLimitedByAlcohol":false,"frozen":false,"packagingLabels":[],"packagingLabelCodes":[],"hierarchyPath":[{"id":"Herkku_00000797","name":"Muut virvoitusjuomat","slug":"juomat-1/virvoitusjuomat/muut-virvoitusjuomat","__typename":"HierarchyPathItem"},{"id":"Herkku_00000048","name":"Virvoitusjuomat","slug":"juomat-1/virvoitusjuomat","__typename":"HierarchyPathItem"},{"id":"Herkku_00000005","name":"Juomat","slug":"juomat-1","__typename":"HierarchyPathItem"}],"isGlobalFallback":null,"countryName":{"fi":"Suomi","__typename":"CountryName"}},{"id":"6415712506568","ean":"6415712506568","name":"Kotimaista Kermaviili 6% 200 g laktoositon","price":0.65,"storeId":725782447,"__typename":"Product","approxPrice":false,"basicQuantityUnit":"KPL","comparisonPrice":3.25,"comparisonUnit":"KGM","consumerPackageSize":null,"consumerPackageUnit":null,"priceUnit":"KPL","quantityMultiplier":1,"brandName":"Kotimaista","slug":"kotimaista-kermaviili-6-200-g-laktoositon","isAgeLimitedByAlcohol":false,"frozen":false,"packagingLabels":["Hyvää Suomesta (Sininen Joutsen)"," Sydänmerkki"],"packagingLabelCodes":["FINNISH_HEART_SYMBOL"," GOODS_FROM_FINLAND_BLUE_SWAN"],"hierarchyPath":[{"id":"1591691235643752","name":"Kermaviilit","slug":"maito-munat-ja-rasvat-0/kermat/kermaviilit","__typename":"HierarchyPathItem"},{"id":"1591691235643733","name":"Kermat","slug":"maito-munat-ja-rasvat-0/kermat","__typename":"HierarchyPathItem"},{"id":"Herkku_00000006","name":"Maito, munat ja rasvat","slug":"maito-munat-ja-rasvat-0","__typename":"HierarchyPathItem"}],"isGlobalFallback":null,"countryName":{"fi":"Suomi","__typename":"CountryName"}},{"id":"6415712507022","ean":"6415712507022","name":"Rainbow Metsämarjasiideri kevyt 4,7% 0,5 l tlk","price":2.9899999999999998,"storeId":725782447,"__typename":"Product","approxPrice":false,"basicQuantityUnit":"KPL","comparisonPrice":5.68,"comparisonUnit":"LTR","consumerPackageSize":null,"consumerPackageUnit":null,"priceUnit":"KPL","quantityMultiplier":1,"brandName":"Rainbow","slug":"rainbow-metsamarjasiideri-kevyt-4-7-0-5-l-tlk","isAgeLimitedByAlcohol":true,"frozen":false,"packagingLabels":[],"packagingLabelCodes":[],"hierarchyPath":[{"id":"1591691240635063","name":"Muut siiderit","slug":"juomat-1/siiderit/muut-siiderit","__typename":"HierarchyPathItem"},{"id":"Herkku_00000133","name":"Siiderit","slug":"juomat-1/siiderit","__typename":"HierarchyPathItem"},{"id":"Herkku_00000005","name":"Juomat","slug":"juomat-1","__typename":"HierarchyPathItem"}],"isGlobalFallback":null,"countryName":{"fi":"Suomi","__typename":"CountryName"}},{"id":"6415712507183","ean":"6415712507183","name":"Kotimaista Vehnä 4,7% 0,5L olut","price":2.4499999999999997,"storeId":725782447,"__typename":"Product","approxPrice":false,"basicQuantityUnit":"KPL","comparisonPrice":4.6,"comparisonUnit":"LTR","consumerPackageSize":null,"consumerPackageUnit":null,"priceUnit":"KPL","quantityMultiplier":1,"brandName":"Kotimaista","slug":"kotimaista-vehna-4-7-0-5l-olut","isAgeLimitedByAlcohol":true,"frozen":false,"packagingLabels":[],"packagingLabelCodes":[],"hierarchyPath":[{"id":"Herkku_00000817","name":"Vehnäolut","slug":"juomat-1/oluet/vehnaolut","__typename":"HierarchyPathItem"},{"id":"Herkku_00000135","name":"Oluet","slug":"juomat-1/oluet","__typename":"HierarchyPathItem"},{"id":"Herkku_00000005","name":"Juomat","slug":"juomat-1","__typename":"HierarchyPathItem"}],"isGlobalFallback":null,"countryName":{"fi":"Suomi","__typename":"CountryName"}},{"id":"6415712507688","ean":"6415712507688","name":"Rainbow glögijuoma 1l","price":1.55,"storeId":725782447,"__typename":"Product","approxPrice":false,"basicQuantityUnit":"KPL","comparisonPrice":1.55,"comparisonUnit":"LTR","consumerPackageSize":null,"consumerPackageUnit":null,"priceUnit":"KPL","quantityMultiplier":1,"brandName":"Rainbow","slug":"rainbow-glogijuoma-1l","isAgeLimitedByAlcohol":false,"frozen":false,"packagingLabels":["FSC-sertifikaatti (Forest Stewardship Council)"],"packagingLabelCodes":["FOREST_STEWARDSHIP_COUNCIL_LABEL"],"hierarchyPath":[{"id":"1591691224561860","name":"Kausijuomat","slug":"juomat-1/kausijuomat","__typename":"HierarchyPathItem"},{"id":"Herkku_00000005","name":"Juomat","slug":"juomat-1","__typename":"HierarchyPathItem"}],"isGlobalFallback":null,"countryName":{"fi":"Suomi","__typename":"CountryName"}},{"id":"6415712507756","ean":"6415712507756","name":"Rainbow Lager Olut 2,8% 6x0,33l","price":6.6000000000000005,"storeId":725782447,"__typename":"Product","approxPrice":false,"basicQuantityUnit":"KPL","comparisonPrice":2.88,"comparisonUnit":"LTR","consumerPackageSize":null,"consumerPackageUnit":null,"priceUnit":"KPL","quantityMultiplier":1,"brandName":"Rainbow","slug":"rainbow-lager-olut-2-8-6x0-33l","isAgeLimitedByAlcohol":true,"frozen":false,"packagingLabels":[],"packagingLabelCodes":[],"hierarchyPath":[{"id":"Herkku_00000818","name":"Vaalea lager olut","slug":"juomat-1/oluet/vaalea-lager-olut","__typename":"HierarchyPathItem"},{"id":"Herkku_00000135","name":"Oluet","slug":"juomat-1/oluet","__typename":"HierarchyPathItem"},{"id":"Herkku_00000005","name":"Juomat","slug":"juomat-1","__typename":"HierarchyPathItem"}],"isGlobalFallback":null,"countryName":{"fi":"Saksa","__typename":"CountryName"}},{"id":"6415712507770","ean":"6415712507770","name":"Rainbow Lager olut 2,8% 0,33l","price":1.0999999999999999,"storeId":725782447,"__typename":"Product","approxPrice":false,"basicQuantityUnit":"KPL","comparisonPrice":2.88,"comparisonUnit":"LTR","consumerPackageSize":null,"consumerPackageUnit":null,"priceUnit":"KPL","quantityMultiplier":1,"brandName":"Rainbow","slug":"rainbow-lager-olut-2-8-0-33l","isAgeLimitedByAlcohol":true,"frozen":false,"packagingLabels":[],"packagingLabelCodes":[],"hierarchyPath":[{"id":"Herkku_00000818","name":"Vaalea lager olut","slug":"juomat-1/oluet/vaalea-lager-olut","__typename":"HierarchyPathItem"},{"id":"Herkku_00000135","name":"Oluet","slug":"juomat-1/oluet","__typename":"HierarchyPathItem"},{"id":"Herkku_00000005","name":"Juomat","slug":"juomat-1","__typename":"HierarchyPathItem"}],"isGlobalFallback":null,"countryName":{"fi":"Saksa","__typename":"CountryName"}},{"id":"6415712507824","ean":"6415712507824","name":"Rainbow Cola virvoitusjuoma 1,5 l kmp","price":2.19,"storeId":725782447,"__typename":"Product","approxPrice":false,"basicQuantityUnit":"KPL","comparisonPrice":1.19,"comparisonUnit":"LTR","consumerPackageSize":null,"consumerPackageUnit":null,"priceUnit":"KPL","quantityMultiplier":1,"brandName":"Rainbow","slug":"rainbow-cola-virvoitusjuoma-1-5-l-kmp","isAgeLimitedByAlcohol":false,"frozen":false,"packagingLabels":[],"packagingLabelCodes":[],"hierarchyPath":[{"id":"Herkku_00000795","name":"Cola-juomat","slug":"juomat-1/virvoitusjuomat/cola-juomat","__typename":"HierarchyPathItem"},{"id":"Herkku_00000048","name":"Virvoitusjuomat","slug":"juomat-1/virvoitusjuomat","__typename":"HierarchyPathItem"},{"id":"Herkku_00000005","name":"Juomat","slug":"juomat-1","__typename":"HierarchyPathItem"}],"isGlobalFallback":null,"countryName":{"fi":"Suomi","__typename":"CountryName"}},{"id":"6415712507855","ean":"6415712507855","name":"Rainbow Cola Sokeriton virvoitusjuoma 1,5 l kmp","price":1.9500000000000002,"storeId":725782447,"__typename":"Product","approxPrice":false,"basicQuantityUnit":"KPL","comparisonPrice":1.03,"comparisonUnit":"LTR","consumerPackageSize":null,"consumerPackageUnit":null,"priceUnit":"KPL","quantityMultiplier":1,"brandName":"Rainbow","slug":"rainbow-cola-sokeriton-virvoitusjuoma-1-5-l-kmp","isAgeLimitedByAlcohol":false,"frozen":false,"packagingLabels":[],"packagingLabelCodes":[],"hierarchyPath":[{"id":"Herkku_00000795","name":"Cola-juomat","slug":"juomat-1/virvoitusjuomat/cola-juomat","__typename":"HierarchyPathItem"},{"id":"Herkku_00000048","name":"Virvoitusjuomat","slug":"juomat-1/virvoitusjuomat","__typename":"HierarchyPathItem"},{"id":"Herkku_00000005","name":"Juomat","slug":"juomat-1","__typename":"HierarchyPathItem"}],"isGlobalFallback":null,"countryName":{"fi":"Suomi","__typename":"CountryName"}},{"id":"6415712507862","ean":"6415712507862","name":"Rainbow Luontainen Kivennäisvesi Hiilihapotettu 1,5l","price":1.65,"storeId":725782447,"__typename":"Product","approxPrice":false,"basicQuantityUnit":"KPL","comparisonPrice":0.83,"comparisonUnit":"LTR","consumerPackageSize":null,"consumerPackageUnit":null,"priceUnit":"KPL","quantityMultiplier":1,"brandName":"Rainbow","slug":"rainbow-luontainen-kivennaisvesi-hiilihapotettu-1-5l","isAgeLimitedByAlcohol":false,"frozen":false,"packagingLabels":[],"packagingLabelCodes":[],"hierarchyPath":[{"id":"Herkku_00000852","name":"Kivennäisvedet","slug":"juomat-1/vedet/kivennaisvedet","__typename":"HierarchyPathItem"},{"id":"Herkku_00000141","name":"Vedet","slug":"juomat-1/vedet","__typename":"HierarchyPathItem"},{"id":"Herkku_00000005","name":"Juomat","slug":"juomat-1","__typename":"HierarchyPathItem"}],"isGlobalFallback":null,"countryName":{"fi":"Viro","__typename":"CountryName"}},{"id":"6415712508050","ean":"6415712508050","name":"Rainbow Appelsiini virvoitusjuoma 1,5 l kmp","price":2.19,"storeId":725782447,"__typename":"Product","approxPrice":false,"basicQuantityUnit":"KPL","comparisonPrice":1.19,"comparisonUnit":"LTR","consumerPackageSize":null,"consumerPackageUnit":null,"priceUnit":"KPL","quantityMultiplier":1,"brandName":"Rainbow","slug":"rainbow-appelsiini-virvoitusjuoma-1-5-l-kmp","isAgeLimitedByAlcohol":false,"frozen":false,"packagingLabels":[],"packagingLabelCodes":[],"hierarchyPath":[{"id":"Herkku_00000796","name":"Appelsiinijuomat","slug":"juomat-1/virvoitusjuomat/appelsiinijuomat","__typename":"HierarchyPathItem"},{"id":"Herkku_00000048","name":"Virvoitusjuomat","slug":"juomat-1/virvoitusjuomat","__typename":"HierarchyPathItem"},{"id":"Herkku_00000005","name":"Juomat","slug":"juomat-1","__typename":"HierarchyPathItem"}],"isGlobalFallback":null,"countryName":{"fi":"Suomi","__typename":"CountryName"}},{"id":"6415712508319","ean":"6415712508319","name":"Rainbow appelsiinijuoma 2dl","price":0.4,"storeId":725782447,"__typename":"Product","approxPrice":false,"basicQuantityUnit":"KPL","comparisonPrice":2,"comparisonUnit":"LTR","consumerPackageSize":null,"consumerPackageUnit":null,"priceUnit":"KPL","quantityMultiplier":1,"brandName":"Rainbow","slug":"rainbow-appelsiinijuoma-2dl","isAgeLimitedByAlcohol":false,"frozen":false,"packagingLabels":["FSC-sertifikaatti (Forest Stewardship Council)"],"packagingLabelCodes":["FOREST_STEWARDSHIP_COUNCIL_LABEL"],"hierarchyPath":[{"id":"Herkku_00000665","name":"Appelsiinimehut","slug":"juomat-1/mehut/appelsiinimehut","__typename":"HierarchyPathItem"},{"id":"Herkku_00000120","name":"Mehut","slug":"juomat-1/mehut","__typename":"HierarchyPathItem"},{"id":"Herkku_00000005","name":"Juomat","slug":"juomat-1","__typename":"HierarchyPathItem"}],"isGlobalFallback":null,"countryName":{"fi":"Suomi","__typename":"CountryName"}},{"id":"6415712508326","ean":"6415712508326","name":"Rainbow päärynäjuoma 2dl","price":0.38,"storeId":725782447,"__typename":"Product","approxPrice":false,"basicQuantityUnit":"KPL","comparisonPrice":1.9,"comparisonUnit":"LTR","consumerPackageSize":null,"consumerPackageUnit":null,"priceUnit":"KPL","quantityMultiplier":1,"brandName":"Rainbow","slug":"rainbow-paarynajuoma-2dl","isAgeLimitedByAlcohol":false,"frozen":false,"packagingLabels":["FSC-sertifikaatti (Forest Stewardship Council)"],"packagingLabelCodes":["FOREST_STEWARDSHIP_COUNCIL_LABEL"],"hierarchyPath":[{"id":"Herkku_00000658","name":"Muut hedelmämehut","slug":"juomat-1/mehut/muut-hedelmamehut","__typename":"HierarchyPathItem"},{"id":"Herkku_00000120","name":"Mehut","slug":"juomat-1/mehut","__typename":"HierarchyPathItem"},{"id":"Herkku_00000005","name":"Juomat","slug":"juomat-1","__typename":"HierarchyPathItem"}],"isGlobalFallback":null,"countryName":{"fi":"Suomi","__typename":"CountryName"}},{"id":"6415712508333","ean":"6415712508333","name":"Rainbow vadelma-mansikka juoma 2dl","price":0.38,"storeId":725782447,"__typename":"Product","approxPrice":false,"basicQuantityUnit":"KPL","comparisonPrice":1.9,"comparisonUnit":"LTR","consumerPackageSize":null,"consumerPackageUnit":null,"priceUnit":"KPL","quantityMultiplier":1,"brandName":"Rainbow","slug":"rainbow-vadelma-mansikka-juoma-2dl","isAgeLimitedByAlcohol":false,"frozen":false,"packagingLabels":["FSC-sertifikaatti (Forest Stewardship Council)"],"packagingLabelCodes":["FOREST_STEWARDSHIP_COUNCIL_LABEL"],"hierarchyPath":[{"id":"Herkku_00000666","name":"Muut mehut","slug":"juomat-1/mehut/muut-mehut","__typename":"HierarchyPathItem"},{"id":"Herkku_00000120","name":"Mehut","slug":"juomat-1/mehut","__typename":"HierarchyPathItem"},{"id":"Herkku_00000005","name":"Juomat","slug":"juomat-1","__typename":"HierarchyPathItem"}],"isGlobalFallback":null,"countryName":{"fi":"Suomi","__typename":"CountryName"}},{"id":"6415712508524","ean":"6415712508524","name":"Rainbow Appelsiini Sokeriton virvoitusjuoma 1,5 l kmp","price":1.9500000000000002,"storeId":725782447,"__typename":"Product","approxPrice":false,"basicQuantityUnit":"KPL","comparisonPrice":1.03,"comparisonUnit":"LTR","consumerPackageSize":null,"consumerPackageUnit":null,"priceUnit":"KPL","quantityMultiplier":1,"brandName":"Rainbow","slug":"rainbow-appelsiini-sokeriton-virvoitusjuoma-1-5-l-kmp","isAgeLimitedByAlcohol":false,"frozen":false,"packagingLabels":[],"packagingLabelCodes":[],"hierarchyPath":[{"id":"Herkku_00000796","name":"Appelsiinijuomat","slug":"juomat-1/virvoitusjuomat/appelsiinijuomat","__typename":"HierarchyPathItem"},{"id":"Herkku_00000048","name":"Virvoitusjuomat","slug":"juomat-1/virvoitusjuomat","__typename":"HierarchyPathItem"},{"id":"Herkku_00000005","name":"Juomat","slug":"juomat-1","__typename":"HierarchyPathItem"}],"isGlobalFallback":null,"countryName":{"fi":"Suomi","__typename":"CountryName"}},{"id":"6415712508593","ean":"6415712508593","name":"Rainbow Sitrus virvoitusjuoma 1,5 l kmp","price":2.19,"storeId":725782447,"__typename":"Product","approxPrice":false,"basicQuantityUnit":"KPL","comparisonPrice":1.19,"comparisonUnit":"LTR","consumerPackageSize":null,"consumerPackageUnit":null,"priceUnit":"KPL","quantityMultiplier":1,"brandName":"Rainbow","slug":"rainbow-sitrus-virvoitusjuoma-1-5-l-kmp","isAgeLimitedByAlcohol":false,"frozen":false,"packagingLabels":[],"packagingLabelCodes":[],"hierarchyPath":[{"id":"Herkku_00000792","name":"Sitrusjuomat","slug":"juomat-1/virvoitusjuomat/sitrusjuomat","__typename":"HierarchyPathItem"},{"id":"Herkku_00000048","name":"Virvoitusjuomat","slug":"juomat-1/virvoitusjuomat","__typename":"HierarchyPathItem"},{"id":"Herkku_00000005","name":"Juomat","slug":"juomat-1","__typename":"HierarchyPathItem"}],"isGlobalFallback":null,"countryName":{"fi":"Suomi","__typename":"CountryName"}},{"id":"6415712509132","ean":"6415712509132","name":"Rainbow 0,33l Sombrero lager 4,5%","price":1.99,"storeId":725782447,"__typename":"Product","approxPrice":false,"basicQuantityUnit":"KPL","comparisonPrice":5.73,"comparisonUnit":"LTR","consumerPackageSize":null,"consumerPackageUnit":null,"priceUnit":"KPL","quantityMultiplier":1,"brandName":"Rainbow","slug":"rainbow-0-33l-sombrero-lager-4-5","isAgeLimitedByAlcohol":true,"frozen":false,"packagingLabels":[],"packagingLabelCodes":[],"hierarchyPath":[{"id":"Herkku_00000818","name":"Vaalea lager olut","slug":"juomat-1/oluet/vaalea-lager-olut","__typename":"HierarchyPathItem"},{"id":"Herkku_00000135","name":"Oluet","slug":"juomat-1/oluet","__typename":"HierarchyPathItem"},{"id":"Herkku_00000005","name":"Juomat","slug":"juomat-1","__typename":"HierarchyPathItem"}],"isGlobalFallback":null,"countryName":{"fi":"Puola","__typename":"CountryName"}},{"id":"6415712509163","ean":"6415712509163","name":"Xtra hiilihapotettu kivennäisvesi 1,5l","price":1.3900000000000001,"storeId":725782447,"__typename":"Product","approxPrice":false,"basicQuantityUnit":"KPL","comparisonPrice":0.66,"comparisonUnit":"LTR","consumerPackageSize":null,"consumerPackageUnit":null,"priceUnit":"KPL","quantityMultiplier":1,"brandName":"Xtra","slug":"xtra-hiilihapotettu-kivennaisvesi-1-5l","isAgeLimitedByAlcohol":false,"frozen":false,"packagingLabels":[],"packagingLabelCodes":[],"hierarchyPath":[{"id":"Herkku_00000852","name":"Kivennäisvedet","slug":"juomat-1/vedet/kivennaisvedet","__typename":"HierarchyPathItem"},{"id":"Herkku_00000141","name":"Vedet","slug":"juomat-1/vedet","__typename":"HierarchyPathItem"},{"id":"Herkku_00000005","name":"Juomat","slug":"juomat-1","__typename":"HierarchyPathItem"}],"isGlobalFallback":null,"countryName":{"fi":"Suomi","__typename":"CountryName"}},{"id":"6415712509217","ean":"6415712509217","name":"Kotimaista vichy 1,5l","price":1.4500000000000002,"storeId":725782447,"__typename":"Product","approxPrice":false,"basicQuantityUnit":"KPL","comparisonPrice":0.7,"comparisonUnit":"LTR","consumerPackageSize":null,"consumerPackageUnit":null,"priceUnit":"KPL","quantityMultiplier":1,"brandName":"Kotimaista","slug":"kotimaista-vichy-1-5l","isAgeLimitedByAlcohol":false,"frozen":false,"packagingLabels":["Hyvää Suomesta (Sininen Joutsen)"],"packagingLabelCodes":["GOODS_FROM_FINLAND_BLUE_SWAN"],"hierarchyPath":[{"id":"Herkku_00000853","name":"Vichyt","slug":"juomat-1/vedet/vichyt","__typename":"HierarchyPathItem"},{"id":"Herkku_00000141","name":"Vedet","slug":"juomat-1/vedet","__typename":"HierarchyPathItem"},{"id":"Herkku_00000005","name":"Juomat","slug":"juomat-1","__typename":"HierarchyPathItem"}],"isGlobalFallback":null,"countryName":{"fi":"Suomi","__typename":"CountryName"}},{"id":"6415712509514","ean":"6415712509514","name":"Rainbow Mango hiilihapotettu juoma B6+B12 1,5l","price":2.15,"storeId":725782447,"__typename":"Product","approxPrice":false,"basicQuantityUnit":"KPL","comparisonPrice":1.17,"comparisonUnit":"LTR","consumerPackageSize":null,"consumerPackageUnit":null,"priceUnit":"KPL","quantityMultiplier":1,"brandName":"Rainbow","slug":"rainbow-mango-hiilihapotettu-juoma-b6b12-1-5l","isAgeLimitedByAlcohol":false,"frozen":false,"packagingLabels":[],"packagingLabelCodes":[],"hierarchyPath":[{"id":"Herkku_00000854","name":"Hyvinvointivedet","slug":"juomat-1/vedet/hyvinvointivedet","__typename":"HierarchyPathItem"},{"id":"Herkku_00000141","name":"Vedet","slug":"juomat-1/vedet","__typename":"HierarchyPathItem"},{"id":"Herkku_00000005","name":"Juomat","slug":"juomat-1","__typename":"HierarchyPathItem"}],"isGlobalFallback":null,"countryName":{"fi":"Suomi","__typename":"CountryName"}},{"id":"6415712510794","ean":"6415712510794","name":"Rainbow vadelma B+C hiilihapotettu juoma 1,5l","price":2.15,"storeId":725782447,"__typename":"Product","approxPrice":false,"basicQuantityUnit":"KPL","comparisonPrice":1.17,"comparisonUnit":"LTR","consumerPackageSize":null,"consumerPackageUnit":null,"priceUnit":"KPL","quantityMultiplier":1,"brandName":"Rainbow","slug":"rainbow-vadelma-bc-hiilihapotettu-juoma-1-5l","isAgeLimitedByAlcohol":false,"frozen":false,"packagingLabels":[],"packagingLabelCodes":[],"hierarchyPath":[{"id":"Herkku_00000854","name":"Hyvinvointivedet","slug":"juomat-1/vedet/hyvinvointivedet","__typename":"HierarchyPathItem"},{"id":"Herkku_00000141","name":"Vedet","slug":"juomat-1/vedet","__typename":"HierarchyPathItem"},{"id":"Herkku_00000005","name":"Juomat","slug":"juomat-1","__typename":"HierarchyPathItem"}],"isGlobalFallback":null,"countryName":{"fi":"Suomi","__typename":"CountryName"}},{"id":"6415712510879","ean":"6415712510879","name":"Rainbow trooppinen Zn+E hiilihapotettu juoma 1,5l","price":2.15,"storeId":725782447,"__typename":"Product","approxPrice":false,"basicQuantityUnit":"KPL","comparisonPrice":1.17,"comparisonUnit":"LTR","consumerPackageSize":null,"consumerPackageUnit":null,"priceUnit":"KPL","quantityMultiplier":1,"brandName":"Rainbow","slug":"rainbow-trooppinen-zne-hiilihapotettu-juoma-1-5l","isAgeLimitedByAlcohol":false,"frozen":false,"packagingLabels":[],"packagingLabelCodes":[],"hierarchyPath":[{"id":"Herkku_00000854","name":"Hyvinvointivedet","slug":"juomat-1/vedet/hyvinvointivedet","__typename":"HierarchyPathItem"},{"id":"Herkku_00000141","name":"Vedet","slug":"juomat-1/vedet","__typename":"HierarchyPathItem"},{"id":"Herkku_00000005","name":"Juomat","slug":"juomat-1","__typename":"HierarchyPathItem"}],"isGlobalFallback":null,"countryName":{"fi":"Suomi","__typename":"CountryName"}},{"id":"6415712600020","ean":"6415712600020","name":"Rainbow 340g ananasviipaleet ananasmehussa","price":2.09,"storeId":725782447,"__typename":"Product","approxPrice":false,"basicQuantityUnit":"KPL","comparisonPrice":6.15,"comparisonUnit":"KGM","consumerPackageSize":null,"consumerPackageUnit":null,"priceUnit":"KPL","quantityMultiplier":1,"brandName":"Rainbow","slug":"rainbow-340g-ananasviipaleet-ananasmehussa","isAgeLimitedByAlcohol":false,"frozen":false,"packagingLabels":[],"packagingLabelCodes":[],"hierarchyPath":[{"id":"Herkku_00000353","name":"Hedelmäsäilykkeet","slug":"kuivatuotteet-ja-leivonta-1/sailykkeet/hedelmasailykkeet","__typename":"HierarchyPathItem"},{"id":"Herkku_00000063","name":"Säilykkeet","slug":"kuivatuotteet-ja-leivonta-1/sailykkeet","__typename":"HierarchyPathItem"},{"id":"Herkku_00000007","name":"Kuivatuotteet ja leivonta","slug":"kuivatuotteet-ja-leivonta-1","__typename":"HierarchyPathItem"}],"isGlobalFallback":null,"countryName":{"fi":"Thaimaa","__typename":"CountryName"}},{"id":"6415712600150","ean":"6415712600150","name":"Kotimaista Hernekeitto 435g","price":1.15,"storeId":725782447,"__typename":"Product","approxPrice":false,"basicQuantityUnit":"KPL","comparisonPrice":2.64,"comparisonUnit":"KGM","consumerPackageSize":null,"consumerPackageUnit":null,"priceUnit":"KPL","quantityMultiplier":1,"brandName":"Kotimaista","slug":"kotimaista-hernekeitto-435g","isAgeLimitedByAlcohol":false,"frozen":false,"packagingLabels":["Hyvää Suomesta (Sininen Joutsen)"],"packagingLabelCodes":["GOODS_FROM_FINLAND_BLUE_SWAN"],"hierarchyPath":null,"isGlobalFallback":null,"countryName":{"fi":"Suomi","__typename":"CountryName"}},{"id":"6415712600310","ean":"6415712600310","name":"Rainbow 185/138g tonnikalaa tillillä","price":2.25,"storeId":725782447,"__typename":"Product","approxPrice":false,"basicQuantityUnit":"KPL","comparisonPrice":12.16,"comparisonUnit":"KGM","consumerPackageSize":null,"consumerPackageUnit":null,"priceUnit":"KPL","quantityMultiplier":1,"brandName":"Rainbow","slug":"rainbow-185138g-tonnikalaa-tillilla","isAgeLimitedByAlcohol":false,"frozen":false,"packagingLabels":[],"packagingLabelCodes":[],"hierarchyPath":[{"id":"Herkku_00000352","name":"Kala- ja äyriäissäilykkeet","slug":"kuivatuotteet-ja-leivonta-1/sailykkeet/kala-ja-ayriaissailykkeet","__typename":"HierarchyPathItem"},{"id":"Herkku_00000063","name":"Säilykkeet","slug":"kuivatuotteet-ja-leivonta-1/sailykkeet","__typename":"HierarchyPathItem"},{"id":"Herkku_00000007","name":"Kuivatuotteet ja leivonta","slug":"kuivatuotteet-ja-leivonta-1","__typename":"HierarchyPathItem"}],"isGlobalFallback":null,"countryName":{"fi":"Thaimaa","__typename":"CountryName"}},{"id":"6415712601065","ean":"6415712601065","name":"Rainbow pienet ananaspalat mehussa 227/140g","price":1.25,"storeId":725782447,"__typename":"Product","approxPrice":false,"basicQuantityUnit":"KPL","comparisonPrice":8.93,"comparisonUnit":"KGM","consumerPackageSize":null,"consumerPackageUnit":null,"priceUnit":"KPL","quantityMultiplier":1,"brandName":"Rainbow","slug":"rainbow-pienet-ananaspalat-mehussa-227140g","isAgeLimitedByAlcohol":false,"frozen":false,"packagingLabels":[],"packagingLabelCodes":[],"hierarchyPath":[{"id":"Herkku_00000353","name":"Hedelmäsäilykkeet","slug":"kuivatuotteet-ja-leivonta-1/sailykkeet/hedelmasailykkeet","__typename":"HierarchyPathItem"},{"id":"Herkku_00000063","name":"Säilykkeet","slug":"kuivatuotteet-ja-leivonta-1/sailykkeet","__typename":"HierarchyPathItem"},{"id":"Herkku_00000007","name":"Kuivatuotteet ja leivonta","slug":"kuivatuotteet-ja-leivonta-1","__typename":"HierarchyPathItem"}],"isGlobalFallback":null,"countryName":{"fi":"Thaimaa","__typename":"CountryName"}},{"id":"6415712601232","ean":"6415712601232","name":"Rainbow tomaattimurska 500 g","price":1.19,"storeId":725782447,"__typename":"Product","approxPrice":false,"basicQuantityUnit":"KPL","comparisonPrice":2.38,"comparisonUnit":"KGM","consumerPackageSize":null,"consumerPackageUnit":null,"priceUnit":"KPL","quantityMultiplier":1,"brandName":"Rainbow","slug":"rainbow-tomaattimurska-500-g","isAgeLimitedByAlcohol":false,"frozen":false,"packagingLabels":[],"packagingLabelCodes":[],"hierarchyPath":[{"id":"Herkku_00000357","name":"Kasvissäilykkeet","slug":"kuivatuotteet-ja-leivonta-1/sailykkeet/kasvissailykkeet","__typename":"HierarchyPathItem"},{"id":"Herkku_00000063","name":"Säilykkeet","slug":"kuivatuotteet-ja-leivonta-1/sailykkeet","__typename":"HierarchyPathItem"},{"id":"Herkku_00000007","name":"Kuivatuotteet ja leivonta","slug":"kuivatuotteet-ja-leivonta-1","__typename":"HierarchyPathItem"}],"isGlobalFallback":null,"countryName":{"fi":"Italia","__typename":"CountryName"}},{"id":"6415712601379","ean":"6415712601379","name":"Rainbow 160g pasta-ateria juusto","price":1.59,"storeId":725782447,"__typename":"Product","approxPrice":false,"basicQuantityUnit":"KPL","comparisonPrice":9.94,"comparisonUnit":"KGM","consumerPackageSize":null,"consumerPackageUnit":null,"priceUnit":"KPL","quantityMultiplier":1,"brandName":"Rainbow","slug":"rainbow-160g-pasta-ateria-juusto","isAgeLimitedByAlcohol":false,"frozen":false,"packagingLabels":[],"packagingLabelCodes":[],"hierarchyPath":[{"id":"Herkku_00000467","name":"Valmiit ateriaratkaisut","slug":"kuivatuotteet-ja-leivonta-1/ateria-ainekset/valmiit-ateriaratkaisut","__typename":"HierarchyPathItem"},{"id":"Herkku_00000087","name":"Ateria-ainekset","slug":"kuivatuotteet-ja-leivonta-1/ateria-ainekset","__typename":"HierarchyPathItem"},{"id":"Herkku_00000007","name":"Kuivatuotteet ja leivonta","slug":"kuivatuotteet-ja-leivonta-1","__typename":"HierarchyPathItem"}],"isGlobalFallback":null,"countryName":{"fi":"Italia","__typename":"CountryName"}},{"id":"6415712601409","ean":"6415712601409","name":"Rainbow 155g Tomaatti-mozzarella pasta-ateria, vähälaktoosinen","price":1.59,"storeId":725782447,"__typename":"Product","approxPrice":false,"basicQuantityUnit":"KPL","comparisonPrice":10.26,"comparisonUnit":"KGM","consumerPackageSize":null,"consumerPackageUnit":null,"priceUnit":"KPL","quantityMultiplier":1,"brandName":"Rainbow","slug":"rainbow-155g-tomaatti-mozzarella-pasta-ateria-vahalaktoosinen","isAgeLimitedByAlcohol":false,"frozen":false,"packagingLabels":[],"packagingLabelCodes":[],"hierarchyPath":[{"id":"Herkku_00000467","name":"Valmiit ateriaratkaisut","slug":"kuivatuotteet-ja-leivonta-1/ateria-ainekset/valmiit-ateriaratkaisut","__typename":"HierarchyPathItem"},{"id":"Herkku_00000087","name":"Ateria-ainekset","slug":"kuivatuotteet-ja-leivonta-1/ateria-ainekset","__typename":"HierarchyPathItem"},{"id":"Herkku_00000007","name":"Kuivatuotteet ja leivonta","slug":"kuivatuotteet-ja-leivonta-1","__typename":"HierarchyPathItem"}],"isGlobalFallback":null,"countryName":{"fi":"Italia","__typename":"CountryName"}},{"id":"6415712601430","ean":"6415712601430","name":"Rainbow 273g lasagnetteainekset, laktoositon","price":2.45,"storeId":725782447,"__typename":"Product","approxPrice":false,"basicQuantityUnit":"KPL","comparisonPrice":8.97,"comparisonUnit":"KGM","consumerPackageSize":null,"consumerPackageUnit":null,"priceUnit":"KPL","quantityMultiplier":1,"brandName":"Rainbow","slug":"rainbow-273g-lasagnetteainekset-laktoositon","isAgeLimitedByAlcohol":false,"frozen":false,"packagingLabels":[],"packagingLabelCodes":[],"hierarchyPath":[{"id":"Herkku_00000471","name":"Lasagneainekset","slug":"kuivatuotteet-ja-leivonta-1/ateria-ainekset/lasagneainekset","__typename":"HierarchyPathItem"},{"id":"Herkku_00000087","name":"Ateria-ainekset","slug":"kuivatuotteet-ja-leivonta-1/ateria-ainekset","__typename":"HierarchyPathItem"},{"id":"Herkku_00000007","name":"Kuivatuotteet ja leivonta","slug":"kuivatuotteet-ja-leivonta-1","__typename":"HierarchyPathItem"}],"isGlobalFallback":null,"countryName":{"fi":"Italia","__typename":"CountryName"}},{"id":"6415712601898","ean":"6415712601898","name":"Rainbow 155g Carbonara pasta-ateria","price":1.59,"storeId":725782447,"__typename":"Product","approxPrice":false,"basicQuantityUnit":"KPL","comparisonPrice":10.26,"comparisonUnit":"KGM","consumerPackageSize":null,"consumerPackageUnit":null,"priceUnit":"KPL","quantityMultiplier":1,"brandName":"Rainbow","slug":"rainbow-155g-carbonara-pasta-ateria","isAgeLimitedByAlcohol":false,"frozen":false,"packagingLabels":[],"packagingLabelCodes":[],"hierarchyPath":[{"id":"Herkku_00000467","name":"Valmiit ateriaratkaisut","slug":"kuivatuotteet-ja-leivonta-1/ateria-ainekset/valmiit-ateriaratkaisut","__typename":"HierarchyPathItem"},{"id":"Herkku_00000087","name":"Ateria-ainekset","slug":"kuivatuotteet-ja-leivonta-1/ateria-ainekset","__typename":"HierarchyPathItem"},{"id":"Herkku_00000007","name":"Kuivatuotteet ja leivonta","slug":"kuivatuotteet-ja-leivonta-1","__typename":"HierarchyPathItem"}],"isGlobalFallback":null,"countryName":{"fi":"Italia","__typename":"CountryName"}},{"id":"6415712602017","ean":"6415712602017","name":"Rainbow 1kg täysjyväpikariisi","price":2.95,"storeId":725782447,"__typename":"Product","approxPrice":false,"basicQuantityUnit":"KPL","comparisonPrice":2.95,"comparisonUnit":"KGM","consumerPackageSize":null,"consumerPackageUnit":null,"priceUnit":"KPL","quantityMultiplier":1,"brandName":"Rainbow","slug":"rainbow-1kg-taysjyvapikariisi","isAgeLimitedByAlcohol":false,"frozen":false,"packagingLabels":[],"packagingLabelCodes":[],"hierarchyPath":[{"id":"Herkku_00000486","name":"Pikariisit","slug":"kuivatuotteet-ja-leivonta-1/riisit-pastat-ja-nuudelit/pikariisit","__typename":"HierarchyPathItem"},{"id":"Herkku_00000088","name":"Riisit, pastat ja nuudelit","slug":"kuivatuotteet-ja-leivonta-1/riisit-pastat-ja-nuudelit","__typename":"HierarchyPathItem"},{"id":"Herkku_00000007","name":"Kuivatuotteet ja leivonta","slug":"kuivatuotteet-ja-leivonta-1","__typename":"HierarchyPathItem"}],"isGlobalFallback":null,"countryName":{"fi":"Saksa","__typename":"CountryName"}},{"id":"6415712610012","ean":"6415712610012","name":"Rainbow Greippi light 4,7% 0,5L long drink","price":2.79,"storeId":725782447,"__typename":"Product","approxPrice":false,"basicQuantityUnit":"KPL","comparisonPrice":5.28,"comparisonUnit":"LTR","consumerPackageSize":null,"consumerPackageUnit":null,"priceUnit":"KPL","quantityMultiplier":1,"brandName":"Rainbow","slug":"rainbow-greippi-light-4-7-0-5l-long-drink","isAgeLimitedByAlcohol":true,"frozen":false,"packagingLabels":[],"packagingLabelCodes":[],"hierarchyPath":[{"id":"1591691240635050","name":"Greippilonkerot","slug":"juomat-1/lonkerot/greippilonkerot","__typename":"HierarchyPathItem"},{"id":"Herkku_00000139","name":"Lonkerot","slug":"juomat-1/lonkerot","__typename":"HierarchyPathItem"},{"id":"Herkku_00000005","name":"Juomat","slug":"juomat-1","__typename":"HierarchyPathItem"}],"isGlobalFallback":null,"countryName":{"fi":"Suomi","__typename":"CountryName"}},{"id":"6415712610562","ean":"6415712610562","name":"Kotimaista Kivennäisvesi vadelma 1,5l","price":1.4900000000000002,"storeId":725782447,"__typename":"Product","approxPrice":false,"basicQuantityUnit":"KPL","comparisonPrice":0.73,"comparisonUnit":"LTR","consumerPackageSize":null,"consumerPackageUnit":null,"priceUnit":"KPL","quantityMultiplier":1,"brandName":"Kotimaista","slug":"kotimaista-kivennaisvesi-vadelma-1-5l","isAgeLimitedByAlcohol":false,"frozen":false,"packagingLabels":["Hyvää Suomesta (Sininen Joutsen)"],"packagingLabelCodes":["GOODS_FROM_FINLAND_BLUE_SWAN"],"hierarchyPath":[{"id":"Herkku_00000852","name":"Kivennäisvedet","slug":"juomat-1/vedet/kivennaisvedet","__typename":"HierarchyPathItem"},{"id":"Herkku_00000141","name":"Vedet","slug":"juomat-1/vedet","__typename":"HierarchyPathItem"},{"id":"Herkku_00000005","name":"Juomat","slug":"juomat-1","__typename":"HierarchyPathItem"}],"isGlobalFallback":null,"countryName":{"fi":"Suomi","__typename":"CountryName"}},{"id":"6415712611040","ean":"6415712611040","name":"Kotimaista 5,15l lähdevesi","price":2.49,"storeId":725782447,"__typename":"Product","approxPrice":false,"basicQuantityUnit":"KPL","comparisonPrice":0.49,"comparisonUnit":"LTR","consumerPackageSize":null,"consumerPackageUnit":null,"priceUnit":"KPL","quantityMultiplier":1,"brandName":"Kotimaista","slug":"kotimaista-5-15l-lahdevesi","isAgeLimitedByAlcohol":false,"frozen":false,"packagingLabels":["Hyvää Suomesta (Sininen Joutsen)"],"packagingLabelCodes":["GOODS_FROM_FINLAND_BLUE_SWAN"],"hierarchyPath":[{"id":"Herkku_00000855","name":"Lähdevedet","slug":"juomat-1/vedet/lahdevedet","__typename":"HierarchyPathItem"},{"id":"Herkku_00000141","name":"Vedet","slug":"juomat-1/vedet","__typename":"HierarchyPathItem"},{"id":"Herkku_00000005","name":"Juomat","slug":"juomat-1","__typename":"HierarchyPathItem"}],"isGlobalFallback":null,"countryName":{"fi":"Suomi","__typename":"CountryName"}},{"id":"6415712611187","ean":"6415712611187","name":"Rainbow Vadelma carambola light 4,7% 0,5L siideri","price":2.9899999999999998,"storeId":725782447,"__typename":"Product","approxPrice":false,"basicQuantityUnit":"KPL","comparisonPrice":5.68,"comparisonUnit":"LTR","consumerPackageSize":null,"consumerPackageUnit":null,"priceUnit":"KPL","quantityMultiplier":1,"brandName":"Rainbow","slug":"rainbow-vadelma-carambola-light-4-7-0-5l-siideri","isAgeLimitedByAlcohol":true,"frozen":false,"packagingLabels":[],"packagingLabelCodes":[],"hierarchyPath":[{"id":"1591691240635063","name":"Muut siiderit","slug":"juomat-1/siiderit/muut-siiderit","__typename":"HierarchyPathItem"},{"id":"Herkku_00000133","name":"Siiderit","slug":"juomat-1/siiderit","__typename":"HierarchyPathItem"},{"id":"Herkku_00000005","name":"Juomat","slug":"juomat-1","__typename":"HierarchyPathItem"}],"isGlobalFallback":null,"countryName":{"fi":"Suomi","__typename":"CountryName"}},{"id":"6415712611682","ean":"6415712611682","name":"Rainbow Festival virvoitusjuoma hedelmän makuinen 1,5l","price":2.59,"storeId":725782447,"__typename":"Product","approxPrice":false,"basicQuantityUnit":"KPL","comparisonPrice":1.46,"comparisonUnit":"LTR","consumerPackageSize":null,"consumerPackageUnit":null,"priceUnit":"KPL","quantityMultiplier":1,"brandName":"Rainbow","slug":"rainbow-festival-virvoitusjuoma-hedelman-makuinen-1-5l","isAgeLimitedByAlcohol":false,"frozen":false,"packagingLabels":[],"packagingLabelCodes":[],"hierarchyPath":[{"id":"Herkku_00000797","name":"Muut virvoitusjuomat","slug":"juomat-1/virvoitusjuomat/muut-virvoitusjuomat","__typename":"HierarchyPathItem"},{"id":"Herkku_00000048","name":"Virvoitusjuomat","slug":"juomat-1/virvoitusjuomat","__typename":"HierarchyPathItem"},{"id":"Herkku_00000005","name":"Juomat","slug":"juomat-1","__typename":"HierarchyPathItem"}],"isGlobalFallback":null,"countryName":{"fi":"Suomi","__typename":"CountryName"}},{"id":"6415712611729","ean":"6415712611729","name":"Kotimaista Kivennäisvesi karpalo 1,5l","price":1.4900000000000002,"storeId":725782447,"__typename":"Product","approxPrice":false,"basicQuantityUnit":"KPL","comparisonPrice":0.73,"comparisonUnit":"LTR","consumerPackageSize":null,"consumerPackageUnit":null,"priceUnit":"KPL","quantityMultiplier":1,"brandName":"Kotimaista","slug":"kotimaista-kivennaisvesi-karpalo-1-5l","isAgeLimitedByAlcohol":false,"frozen":false,"packagingLabels":["Hyvää Suomesta (Sininen Joutsen)"],"packagingLabelCodes":["GOODS_FROM_FINLAND_BLUE_SWAN"],"hierarchyPath":[{"id":"Herkku_00000852","name":"Kivennäisvedet","slug":"juomat-1/vedet/kivennaisvedet","__typename":"HierarchyPathItem"},{"id":"Herkku_00000141","name":"Vedet","slug":"juomat-1/vedet","__typename":"HierarchyPathItem"},{"id":"Herkku_00000005","name":"Juomat","slug":"juomat-1","__typename":"HierarchyPathItem"}],"isGlobalFallback":null,"countryName":{"fi":"Suomi","__typename":"CountryName"}},{"id":"6415712611989","ean":"6415712611989","name":"Rainbow Mansikka-Lime siideri 4,7% 0,5 l tlk","price":2.9899999999999998,"storeId":725782447,"__typename":"Product","approxPrice":false,"basicQuantityUnit":"KPL","comparisonPrice":5.68,"comparisonUnit":"LTR","consumerPackageSize":null,"consumerPackageUnit":null,"priceUnit":"KPL","quantityMultiplier":1,"brandName":"Rainbow","slug":"rainbow-mansikka-lime-siideri-4-7-0-5-l-tlk","isAgeLimitedByAlcohol":true,"frozen":false,"packagingLabels":[],"packagingLabelCodes":[],"hierarchyPath":[{"id":"1591691240635063","name":"Muut siiderit","slug":"juomat-1/siiderit/muut-siiderit","__typename":"HierarchyPathItem"},{"id":"Herkku_00000133","name":"Siiderit","slug":"juomat-1/siiderit","__typename":"HierarchyPathItem"},{"id":"Herkku_00000005","name":"Juomat","slug":"juomat-1","__typename":"HierarchyPathItem"}],"isGlobalFallback":null,"countryName":{"fi":"Suomi","__typename":"CountryName"}},{"id":"6415712612832","ean":"6415712612832","name":"Rainbow 33cl 0,0% tlk tumma lager","price":0.89,"storeId":725782447,"__typename":"Product","approxPrice":false,"basicQuantityUnit":"KPL","comparisonPrice":2.24,"comparisonUnit":"LTR","consumerPackageSize":null,"consumerPackageUnit":null,"priceUnit":"KPL","quantityMultiplier":1,"brandName":"Rainbow","slug":"rainbow-33cl-0-0-tlk-tumma-lager","isAgeLimitedByAlcohol":false,"frozen":false,"packagingLabels":[],"packagingLabelCodes":[],"hierarchyPath":[{"id":"Herkku_00000823","name":"Tumma lager olut","slug":"juomat-1/oluet/tumma-lager-olut","__typename":"HierarchyPathItem"},{"id":"Herkku_00000135","name":"Oluet","slug":"juomat-1/oluet","__typename":"HierarchyPathItem"},{"id":"Herkku_00000005","name":"Juomat","slug":"juomat-1","__typename":"HierarchyPathItem"}],"isGlobalFallback":null,"countryName":{"fi":"Belgia","__typename":"CountryName"}},{"id":"6415712612863","ean":"6415712612863","name":"Rainbow alkoholiton 0,0% vaalea lager olut 33cl tlk","price":0.89,"storeId":725782447,"__typename":"Product","approxPrice":false,"basicQuantityUnit":"KPL","comparisonPrice":2.24,"comparisonUnit":"LTR","consumerPackageSize":null,"consumerPackageUnit":null,"priceUnit":"KPL","quantityMultiplier":1,"brandName":"Rainbow","slug":"rainbow-alkoholiton-0-0-vaalea-lager-olut-33cl-tlk","isAgeLimitedByAlcohol":false,"frozen":false,"packagingLabels":[],"packagingLabelCodes":[],"hierarchyPath":[{"id":"Herkku_00000818","name":"Vaalea lager olut","slug":"juomat-1/oluet/vaalea-lager-olut","__typename":"HierarchyPathItem"},{"id":"Herkku_00000135","name":"Oluet","slug":"juomat-1/oluet","__typename":"HierarchyPathItem"},{"id":"Herkku_00000005","name":"Juomat","slug":"juomat-1","__typename":"HierarchyPathItem"}],"isGlobalFallback":null,"countryName":{"fi":"Belgia","__typename":"CountryName"}},{"id":"6415712612993","ean":"6415712612993","name":"Rainbow Sitrus sokeriton virvoitusjuoma 1,5l","price":1.8900000000000001,"storeId":725782447,"__typename":"Product","approxPrice":false,"basicQuantityUnit":"KPL","comparisonPrice":0.99,"comparisonUnit":"LTR","consumerPackageSize":null,"consumerPackageUnit":null,"priceUnit":"KPL","quantityMultiplier":1,"brandName":"Rainbow","slug":"rainbow-sitrus-sokeriton-virvoitusjuoma-1-5l","isAgeLimitedByAlcohol":false,"frozen":false,"packagingLabels":[],"packagingLabelCodes":[],"hierarchyPath":[{"id":"Herkku_00000792","name":"Sitrusjuomat","slug":"juomat-1/virvoitusjuomat/sitrusjuomat","__typename":"HierarchyPathItem"},{"id":"Herkku_00000048","name":"Virvoitusjuomat","slug":"juomat-1/virvoitusjuomat","__typename":"HierarchyPathItem"},{"id":"Herkku_00000005","name":"Juomat","slug":"juomat-1","__typename":"HierarchyPathItem"}],"isGlobalFallback":null,"countryName":{"fi":"Suomi","__typename":"CountryName"}},{"id":"6415712613532","ean":"6415712613532","name":"Kotimaista Vaalea lagerolut 4,5% 0,568 l tlk","price":2.55,"storeId":725782447,"__typename":"Product","approxPrice":false,"basicQuantityUnit":"KPL","comparisonPrice":4.23,"comparisonUnit":"LTR","consumerPackageSize":null,"consumerPackageUnit":null,"priceUnit":"KPL","quantityMultiplier":1,"brandName":"Kotimaista","slug":"kotimaista-vaalea-lagerolut-4-5-0-568-l-tlk","isAgeLimitedByAlcohol":true,"frozen":false,"packagingLabels":["Hyvää Suomesta (Sininen Joutsen)"],"packagingLabelCodes":["GOODS_FROM_FINLAND_BLUE_SWAN"],"hierarchyPath":[{"id":"Herkku_00000818","name":"Vaalea lager olut","slug":"juomat-1/oluet/vaalea-lager-olut","__typename":"HierarchyPathItem"},{"id":"Herkku_00000135","name":"Oluet","slug":"juomat-1/oluet","__typename":"HierarchyPathItem"},{"id":"Herkku_00000005","name":"Juomat","slug":"juomat-1","__typename":"HierarchyPathItem"}],"isGlobalFallback":null,"countryName":{"fi":"Suomi","__typename":"CountryName"}},{"id":"6415712613693","ean":"6415712613693","name":"Kotimaista kevyesti hiilihapotettu kivennäisvesi 0,5 l kmp","price":0.95,"storeId":725782447,"__typename":"Product","approxPrice":false,"basicQuantityUnit":"KPL","comparisonPrice":1.5,"comparisonUnit":"LTR","consumerPackageSize":null,"consumerPackageUnit":null,"priceUnit":"KPL","quantityMultiplier":1,"brandName":"Kotimaista","slug":"kotimaista-kevyesti-hiilihapotettu-kivennaisvesi-0-5-l-kmp","isAgeLimitedByAlcohol":false,"frozen":false,"packagingLabels":["Hyvää Suomesta (Sininen Joutsen)"],"packagingLabelCodes":["GOODS_FROM_FINLAND_BLUE_SWAN"],"hierarchyPath":[{"id":"Herkku_00000852","name":"Kivennäisvedet","slug":"juomat-1/vedet/kivennaisvedet","__typename":"HierarchyPathItem"},{"id":"Herkku_00000141","name":"Vedet","slug":"juomat-1/vedet","__typename":"HierarchyPathItem"},{"id":"Herkku_00000005","name":"Juomat","slug":"juomat-1","__typename":"HierarchyPathItem"}],"isGlobalFallback":null,"countryName":{"fi":"Suomi","__typename":"CountryName"}},{"id":"6415712613709","ean":"6415712613709","name":"Kotimaista kevyesti hiilihapotettu kivennäisvesi 1,5 l kmp","price":1.3900000000000001,"storeId":725782447,"__typename":"Product","approxPrice":false,"basicQuantityUnit":"KPL","comparisonPrice":0.66,"comparisonUnit":"LTR","consumerPackageSize":null,"consumerPackageUnit":null,"priceUnit":"KPL","quantityMultiplier":1,"brandName":"Kotimaista","slug":"kotimaista-kevyesti-hiilihapotettu-kivennaisvesi-1-5-l-kmp","isAgeLimitedByAlcohol":false,"frozen":false,"packagingLabels":["Hyvää Suomesta (Sininen Joutsen)"],"packagingLabelCodes":["GOODS_FROM_FINLAND_BLUE_SWAN"],"hierarchyPath":[{"id":"Herkku_00000852","name":"Kivennäisvedet","slug":"juomat-1/vedet/kivennaisvedet","__typename":"HierarchyPathItem"},{"id":"Herkku_00000141","name":"Vedet","slug":"juomat-1/vedet","__typename":"HierarchyPathItem"},{"id":"Herkku_00000005","name":"Juomat","slug":"juomat-1","__typename":"HierarchyPathItem"}],"isGlobalFallback":null,"countryName":{"fi":"Suomi","__typename":"CountryName"}},{"id":"6415712614287","ean":"6415712614287","name":"Kotimaista sitruuna vichy 1,5l","price":1.4900000000000002,"storeId":725782447,"__typename":"Product","approxPrice":false,"basicQuantityUnit":"KPL","comparisonPrice":0.73,"comparisonUnit":"LTR","consumerPackageSize":null,"consumerPackageUnit":null,"priceUnit":"KPL","quantityMultiplier":1,"brandName":"Kotimaista","slug":"kotimaista-sitruuna-vichy-1-5l","isAgeLimitedByAlcohol":false,"frozen":false,"packagingLabels":["Hyvää Suomesta (Sininen Joutsen)"],"packagingLabelCodes":["GOODS_FROM_FINLAND_BLUE_SWAN"],"hierarchyPath":[{"id":"Herkku_00000853","name":"Vichyt","slug":"juomat-1/vedet/vichyt","__typename":"HierarchyPathItem"},{"id":"Herkku_00000141","name":"Vedet","slug":"juomat-1/vedet","__typename":"HierarchyPathItem"},{"id":"Herkku_00000005","name":"Juomat","slug":"juomat-1","__typename":"HierarchyPathItem"}],"isGlobalFallback":null,"countryName":{"fi":"Suomi","__typename":"CountryName"}},{"id":"6415712614461","ean":"6415712614461","name":"Kotimaista AB-Luomujogurtti 1kg maustamaton","price":2.95,"storeId":725782447,"__typename":"Product","approxPrice":false,"basicQuantityUnit":"KPL","comparisonPrice":2.95,"comparisonUnit":"KGM","consumerPackageSize":null,"consumerPackageUnit":null,"priceUnit":"KPL","quantityMultiplier":1,"brandName":"Kotimaista","slug":"kotimaista-ab-luomujogurtti-1kg-maustamaton","isAgeLimitedByAlcohol":false,"frozen":false,"packagingLabels":["EU:n luomutunnus (lehti)"],"packagingLabelCodes":["EU_ORGANIC_FARMING"],"hierarchyPath":[{"id":"1591691235643804","name":"Maustamattomat jogurtit","slug":"maito-munat-ja-rasvat-0/jogurtit/maustamattomat-jogurtit","__typename":"HierarchyPathItem"},{"id":"Herkku_00000118","name":"Jogurtit","slug":"maito-munat-ja-rasvat-0/jogurtit","__typename":"HierarchyPathItem"},{"id":"Herkku_00000006","name":"Maito, munat ja rasvat","slug":"maito-munat-ja-rasvat-0","__typename":"HierarchyPathItem"}],"isGlobalFallback":null,"countryName":{"fi":"Suomi","__typename":"CountryName"}},{"id":"6415712614485","ean":"6415712614485","name":"Kotimaista 1 kg laktoositon maustamaton jogurtti","price":1.69,"storeId":725782447,"__typename":"Product","approxPrice":false,"basicQuantityUnit":"KPL","comparisonPrice":1.69,"comparisonUnit":"KGM","consumerPackageSize":null,"consumerPackageUnit":null,"priceUnit":"KPL","quantityMultiplier":1,"brandName":"Kotimaista","slug":"kotimaista-1-kg-laktoositon-maustamaton-jogurtti","isAgeLimitedByAlcohol":false,"frozen":false,"packagingLabels":["Hyvää Suomesta (Sininen Joutsen)"],"packagingLabelCodes":["GOODS_FROM_FINLAND_BLUE_SWAN"],"hierarchyPath":[{"id":"1591691235643804","name":"Maustamattomat jogurtit","slug":"maito-munat-ja-rasvat-0/jogurtit/maustamattomat-jogurtit","__typename":"HierarchyPathItem"},{"id":"Herkku_00000118","name":"Jogurtit","slug":"maito-munat-ja-rasvat-0/jogurtit","__typename":"HierarchyPathItem"},{"id":"Herkku_00000006","name":"Maito, munat ja rasvat","slug":"maito-munat-ja-rasvat-0","__typename":"HierarchyPathItem"}],"isGlobalFallback":null,"countryName":{"fi":"Suomi","__typename":"CountryName"}},{"id":"6415712614508","ean":"6415712614508","name":"Kotimaista 1 kg Laktoositon maustamaton AB jogurtti","price":1.69,"storeId":725782447,"__typename":"Product","approxPrice":false,"basicQuantityUnit":"KPL","comparisonPrice":1.69,"comparisonUnit":"KGM","consumerPackageSize":null,"consumerPackageUnit":null,"priceUnit":"KPL","quantityMultiplier":1,"brandName":"Kotimaista","slug":"kotimaista-1-kg-laktoositon-maustamaton-ab-jogurtti","isAgeLimitedByAlcohol":false,"frozen":false,"packagingLabels":["Hyvää Suomesta (Sininen Joutsen)"],"packagingLabelCodes":["GOODS_FROM_FINLAND_BLUE_SWAN"],"hierarchyPath":[{"id":"1591691235643804","name":"Maustamattomat jogurtit","slug":"maito-munat-ja-rasvat-0/jogurtit/maustamattomat-jogurtit","__typename":"HierarchyPathItem"},{"id":"Herkku_00000118","name":"Jogurtit","slug":"maito-munat-ja-rasvat-0/jogurtit","__typename":"HierarchyPathItem"},{"id":"Herkku_00000006","name":"Maito, munat ja rasvat","slug":"maito-munat-ja-rasvat-0","__typename":"HierarchyPathItem"}],"isGlobalFallback":null,"countryName":{"fi":"Suomi","__typename":"CountryName"}},{"id":"6415712700324","ean":"6415712700324","name":"Xtra 225g vanilliinisokeri","price":1.45,"storeId":725782447,"__typename":"Product","approxPrice":false,"basicQuantityUnit":"KPL","comparisonPrice":6.44,"comparisonUnit":"KGM","consumerPackageSize":null,"consumerPackageUnit":null,"priceUnit":"KPL","quantityMultiplier":1,"brandName":"Xtra","slug":"xtra-225g-vanilliinisokeri","isAgeLimitedByAlcohol":false,"frozen":false,"packagingLabels":[],"packagingLabelCodes":[],"hierarchyPath":[{"id":"Herkku_00000407","name":"Leivontaperustuotteet","slug":"kuivatuotteet-ja-leivonta-1/leivontatarvikkeet/leivontaperustuotteet","__typename":"HierarchyPathItem"},{"id":"Herkku_00000072","name":"Leivontatarvikkeet","slug":"kuivatuotteet-ja-leivonta-1/leivontatarvikkeet","__typename":"HierarchyPathItem"},{"id":"Herkku_00000007","name":"Kuivatuotteet ja leivonta","slug":"kuivatuotteet-ja-leivonta-1","__typename":"HierarchyPathItem"}],"isGlobalFallback":null,"countryName":{"fi":"Latvia","__typename":"CountryName"}},{"id":"6415712700355","ean":"6415712700355","name":"Rainbow 200g pehmeät aprikoosit","price":2.45,"storeId":725782447,"__typename":"Product","approxPrice":false,"basicQuantityUnit":"KPL","comparisonPrice":12.25,"comparisonUnit":"KGM","consumerPackageSize":null,"consumerPackageUnit":null,"priceUnit":"KPL","quantityMultiplier":1,"brandName":"Rainbow","slug":"rainbow-200g-pehmeat-aprikoosit","isAgeLimitedByAlcohol":false,"frozen":false,"packagingLabels":[],"packagingLabelCodes":[],"hierarchyPath":[{"id":"Herkku_00000306","name":"Kuivatut hedelmät ja marjat","slug":"kuivatuotteet-ja-leivonta-1/siemenet-pahkinat-ja-kuivatut-hedelmat/kuivatut-hedelmat-ja-marjat","__typename":"HierarchyPathItem"},{"id":"Herkku_00000050","name":"Siemenet, pähkinät ja kuivatut hedelmät","slug":"kuivatuotteet-ja-leivonta-1/siemenet-pahkinat-ja-kuivatut-hedelmat","__typename":"HierarchyPathItem"},{"id":"Herkku_00000007","name":"Kuivatuotteet ja leivonta","slug":"kuivatuotteet-ja-leivonta-1","__typename":"HierarchyPathItem"}],"isGlobalFallback":null,"countryName":{"fi":"Turkki","__typename":"CountryName"}},{"id":"6415712700362","ean":"6415712700362","name":"Rainbow 200g pehmeät kuivatut viikunat, runsaskuituinen","price":2.45,"storeId":725782447,"__typename":"Product","approxPrice":false,"basicQuantityUnit":"KPL","comparisonPrice":12.25,"comparisonUnit":"KGM","consumerPackageSize":null,"consumerPackageUnit":null,"priceUnit":"KPL","quantityMultiplier":1,"brandName":"Rainbow","slug":"rainbow-200g-pehmeat-kuivatut-viikunat-runsaskuituinen","isAgeLimitedByAlcohol":false,"frozen":false,"packagingLabels":[],"packagingLabelCodes":[],"hierarchyPath":[{"id":"Herkku_00000306","name":"Kuivatut hedelmät ja marjat","slug":"kuivatuotteet-ja-leivonta-1/siemenet-pahkinat-ja-kuivatut-hedelmat/kuivatut-hedelmat-ja-marjat","__typename":"HierarchyPathItem"},{"id":"Herkku_00000050","name":"Siemenet, pähkinät ja kuivatut hedelmät","slug":"kuivatuotteet-ja-leivonta-1/siemenet-pahkinat-ja-kuivatut-hedelmat","__typename":"HierarchyPathItem"},{"id":"Herkku_00000007","name":"Kuivatuotteet ja leivonta","slug":"kuivatuotteet-ja-leivonta-1","__typename":"HierarchyPathItem"}],"isGlobalFallback":null,"countryName":{"fi":"Turkki","__typename":"CountryName"}},{"id":"6415712700379","ean":"6415712700379","name":"Rainbow 200g pehmeät kuivatut taatelit, runsaskuituinen","price":2.15,"storeId":725782447,"__typename":"Product","approxPrice":false,"basicQuantityUnit":"KPL","comparisonPrice":10.75,"comparisonUnit":"KGM","consumerPackageSize":null,"consumerPackageUnit":null,"priceUnit":"KPL","quantityMultiplier":1,"brandName":"Rainbow","slug":"rainbow-200g-pehmeat-kuivatut-taatelit-runsaskuituinen","isAgeLimitedByAlcohol":false,"frozen":false,"packagingLabels":[],"packagingLabelCodes":[],"hierarchyPath":[{"id":"Herkku_00000306","name":"Kuivatut hedelmät ja marjat","slug":"kuivatuotteet-ja-leivonta-1/siemenet-pahkinat-ja-kuivatut-hedelmat/kuivatut-hedelmat-ja-marjat","__typename":"HierarchyPathItem"},{"id":"Herkku_00000050","name":"Siemenet, pähkinät ja kuivatut hedelmät","slug":"kuivatuotteet-ja-leivonta-1/siemenet-pahkinat-ja-kuivatut-hedelmat","__typename":"HierarchyPathItem"},{"id":"Herkku_00000007","name":"Kuivatuotteet ja leivonta","slug":"kuivatuotteet-ja-leivonta-1","__typename":"HierarchyPathItem"}],"isGlobalFallback":null,"countryName":{"fi":"Algeria","__typename":"CountryName"}},{"id":"6415712700584","ean":"6415712700584","name":"Rainbow 10x11g kuivahiiva","price":1.69,"storeId":725782447,"__typename":"Product","approxPrice":false,"basicQuantityUnit":"KPL","comparisonPrice":15.36,"comparisonUnit":"KGM","consumerPackageSize":null,"consumerPackageUnit":null,"priceUnit":"KPL","quantityMultiplier":1,"brandName":"Rainbow","slug":"rainbow-10x11g-kuivahiiva","isAgeLimitedByAlcohol":false,"frozen":false,"packagingLabels":[],"packagingLabelCodes":[],"hierarchyPath":[{"id":"Herkku_00000407","name":"Leivontaperustuotteet","slug":"kuivatuotteet-ja-leivonta-1/leivontatarvikkeet/leivontaperustuotteet","__typename":"HierarchyPathItem"},{"id":"Herkku_00000072","name":"Leivontatarvikkeet","slug":"kuivatuotteet-ja-leivonta-1/leivontatarvikkeet","__typename":"HierarchyPathItem"},{"id":"Herkku_00000007","name":"Kuivatuotteet ja leivonta","slug":"kuivatuotteet-ja-leivonta-1","__typename":"HierarchyPathItem"}],"isGlobalFallback":null,"countryName":null},{"id":"6415712700898","ean":"6415712700898","name":"Rainbow 42g rusina 6 rasiaa","price":2.39,"storeId":725782447,"__typename":"Product","approxPrice":false,"basicQuantityUnit":"KPL","comparisonPrice":9.48,"comparisonUnit":"KGM","consumerPackageSize":null,"consumerPackageUnit":null,"priceUnit":"KPL","quantityMultiplier":1,"brandName":"Rainbow","slug":"rainbow-42g-rusina-6-rasiaa","isAgeLimitedByAlcohol":false,"frozen":false,"packagingLabels":[],"packagingLabelCodes":[],"hierarchyPath":[{"id":"Herkku_00000306","name":"Kuivatut hedelmät ja marjat","slug":"kuivatuotteet-ja-leivonta-1/siemenet-pahkinat-ja-kuivatut-hedelmat/kuivatut-hedelmat-ja-marjat","__typename":"HierarchyPathItem"},{"id":"Herkku_00000050","name":"Siemenet, pähkinät ja kuivatut hedelmät","slug":"kuivatuotteet-ja-leivonta-1/siemenet-pahkinat-ja-kuivatut-hedelmat","__typename":"HierarchyPathItem"},{"id":"Herkku_00000007","name":"Kuivatuotteet ja leivonta","slug":"kuivatuotteet-ja-leivonta-1","__typename":"HierarchyPathItem"}],"isGlobalFallback":null,"countryName":{"fi":"Yhdysvallat","__typename":"CountryName"}},{"id":"6415712702083","ean":"6415712702083","name":"Rainbow 125g Evelina maitosuklaakeksi","price":1.29,"storeId":725782447,"__typename":"Product","approxPrice":false,"basicQuantityUnit":"KPL","comparisonPrice":10.32,"comparisonUnit":"KGM","consumerPackageSize":null,"consumerPackageUnit":null,"priceUnit":"KPL","quantityMultiplier":1,"brandName":"Rainbow","slug":"rainbow-125g-evelina-maitosuklaakeksi","isAgeLimitedByAlcohol":false,"frozen":false,"packagingLabels":[],"packagingLabelCodes":[],"hierarchyPath":[{"id":"1591691259195604","name":"Makeat keksit","slug":"joulu-0/joulun-herkutteluun/makeat-keksit","__typename":"HierarchyPathItem"},{"id":"1591691259195581","name":"Joulun herkutteluun","slug":"joulu-0/joulun-herkutteluun","__typename":"HierarchyPathItem"},{"id":"1591691259195579","name":"Joulu","slug":"joulu-0","__typename":"HierarchyPathItem"}],"isGlobalFallback":null,"countryName":{"fi":"Saksa","__typename":"CountryName"}},{"id":"6415712713362","ean":"6415712713362","name":"Kotimaista 500 g Piparkakkutaikina, laktoositon maidoton, pakaste","price":2.25,"storeId":725782447,"__typename":"Product","approxPrice":false,"basicQuantityUnit":"KPL","comparisonPrice":4.5,"comparisonUnit":"KGM","consumerPackageSize":null,"consumerPackageUnit":null,"priceUnit":"KPL","quantityMultiplier":1,"brandName":"Kotimaista","slug":"kotimaista-500-g-piparkakkutaikina-laktoositon-maidoton-pakaste","isAgeLimitedByAlcohol":false,"frozen":true,"packagingLabels":["Hyvää Suomesta (Sininen Joutsen)"],"packagingLabelCodes":["GOODS_FROM_FINLAND_BLUE_SWAN"],"hierarchyPath":[{"id":"1591691225974003","name":"Taikinat","slug":"pakasteet-1/leivonnais-ja-leipapakasteet/taikinat","__typename":"HierarchyPathItem"},{"id":"Herkku_00000125","name":"Leivonnais- ja leipäpakasteet","slug":"pakasteet-1/leivonnais-ja-leipapakasteet","__typename":"HierarchyPathItem"},{"id":"Herkku_00000013","name":"Pakasteet","slug":"pakasteet-1","__typename":"HierarchyPathItem"}],"isGlobalFallback":null,"countryName":{"fi":"Suomi","__typename":"CountryName"}},{"id":"6415712713379","ean":"6415712713379","name":"Kotimaista Kaneliässä kanelipikkuleipä 400g","price":2.65,"storeId":725782447,"__typename":"Product","approxPrice":false,"basicQuantityUnit":"KPL","comparisonPrice":6.62,"comparisonUnit":"KGM","consumerPackageSize":null,"consumerPackageUnit":null,"priceUnit":"KPL","quantityMultiplier":1,"brandName":"Kotimaista","slug":"kotimaista-kaneliassa-kanelipikkuleipa-400g","isAgeLimitedByAlcohol":false,"frozen":false,"packagingLabels":[],"packagingLabelCodes":[],"hierarchyPath":[{"id":"Herkku_00000369","name":"Muut keksit ja kahvikeksit","slug":"leivat-keksit-ja-leivonnaiset-1/keksit/muut-keksit-ja-kahvikeksit","__typename":"HierarchyPathItem"},{"id":"Herkku_00000065","name":"Keksit","slug":"leivat-keksit-ja-leivonnaiset-1/keksit","__typename":"HierarchyPathItem"},{"id":"Herkku_00000008","name":"Leivät, keksit ja leivonnaiset","slug":"leivat-keksit-ja-leivonnaiset-1","__typename":"HierarchyPathItem"}],"isGlobalFallback":null,"countryName":{"fi":"Suomi","__typename":"CountryName"}},{"id":"6415712713904","ean":"6415712713904","name":"Kotimaista 400g gluteeniton mutakakku pakaste","price":3.49,"storeId":725782447,"__typename":"Product","approxPrice":false,"basicQuantityUnit":"KPL","comparisonPrice":8.73,"comparisonUnit":"KGM","consumerPackageSize":null,"consumerPackageUnit":null,"priceUnit":"KPL","quantityMultiplier":1,"brandName":"Kotimaista","slug":"kotimaista-400g-gluteeniton-mutakakku-pakaste","isAgeLimitedByAlcohol":false,"frozen":true,"packagingLabels":["Hyvää Suomesta (Sininen Joutsen)"," Rainforest alliance certified (Sammakko-merkki)"],"packagingLabelCodes":["GOODS_FROM_FINLAND_BLUE_SWAN"," RAINFOREST_ALLIANCE"],"hierarchyPath":[{"id":"1591691225974004","name":"Kakut, pullat ja leivokset","slug":"pakasteet-1/leivonnais-ja-leipapakasteet/kakut-pullat-ja-leivokset","__typename":"HierarchyPathItem"},{"id":"Herkku_00000125","name":"Leivonnais- ja leipäpakasteet","slug":"pakasteet-1/leivonnais-ja-leipapakasteet","__typename":"HierarchyPathItem"},{"id":"Herkku_00000013","name":"Pakasteet","slug":"pakasteet-1","__typename":"HierarchyPathItem"}],"isGlobalFallback":null,"countryName":{"fi":"Suomi","__typename":"CountryName"}},{"id":"6415712714024","ean":"6415712714024","name":"Kotimaista 1kg hedelmämysli","price":4.49,"storeId":725782447,"__typename":"Product","approxPrice":false,"basicQuantityUnit":"KPL","comparisonPrice":4.49,"comparisonUnit":"KGM","consumerPackageSize":null,"consumerPackageUnit":null,"priceUnit":"KPL","quantityMultiplier":1,"brandName":"Kotimaista","slug":"kotimaista-1kg-hedelmamysli","isAgeLimitedByAlcohol":false,"frozen":false,"packagingLabels":["Hyvää Suomesta (Sininen Joutsen)"],"packagingLabelCodes":["GOODS_FROM_FINLAND_BLUE_SWAN"],"hierarchyPath":[{"id":"Herkku_00000317","name":"Myslit","slug":"kuivatuotteet-ja-leivonta-1/hiutaleet-murot-ja-myslit/myslit","__typename":"HierarchyPathItem"},{"id":"Herkku_00000053","name":"Hiutaleet, murot ja myslit","slug":"kuivatuotteet-ja-leivonta-1/hiutaleet-murot-ja-myslit","__typename":"HierarchyPathItem"},{"id":"Herkku_00000007","name":"Kuivatuotteet ja leivonta","slug":"kuivatuotteet-ja-leivonta-1","__typename":"HierarchyPathItem"}],"isGlobalFallback":null,"countryName":{"fi":"Suomi","__typename":"CountryName"}},{"id":"6415712714338","ean":"6415712714338","name":"Rainbow Maksalaatikko Rusinoilla 400g","price":2.19,"storeId":725782447,"__typename":"Product","approxPrice":false,"basicQuantityUnit":"KPL","comparisonPrice":5.48,"comparisonUnit":"KGM","consumerPackageSize":null,"consumerPackageUnit":null,"priceUnit":"KPL","quantityMultiplier":1,"brandName":"Rainbow","slug":"rainbow-maksalaatikko-rusinoilla-400g","isAgeLimitedByAlcohol":false,"frozen":false,"packagingLabels":[],"packagingLabelCodes":[],"hierarchyPath":[{"id":"1591691237074403","name":"Laatikot","slug":"valmisruoka-1/laatikot-pastat-ja-lasagnet/laatikot","__typename":"HierarchyPathItem"},{"id":"1591691237074392","name":"Laatikot, pastat ja lasagnet","slug":"valmisruoka-1/laatikot-pastat-ja-lasagnet","__typename":"HierarchyPathItem"},{"id":"StructureGroup_1356670909914497","name":"Valmisruoka","slug":"valmisruoka-1","__typename":"HierarchyPathItem"}],"isGlobalFallback":null,"countryName":{"fi":"Suomi","__typename":"CountryName"}},{"id":"6415712715441","ean":"6415712715441","name":"Rainbow Aurinkokuivattu tomaatti-paprikakolmioleipä 150g","price":1.95,"storeId":725782447,"__typename":"Product","approxPrice":false,"basicQuantityUnit":"KPL","comparisonPrice":13,"comparisonUnit":"KGM","consumerPackageSize":null,"consumerPackageUnit":null,"priceUnit":"KPL","quantityMultiplier":1,"brandName":"Rainbow","slug":"rainbow-aurinkokuivattu-tomaatti-paprikakolmioleipa-150g","isAgeLimitedByAlcohol":false,"frozen":false,"packagingLabels":[],"packagingLabelCodes":[],"hierarchyPath":[{"id":"1591691237218566","name":"Leivät, paninit ja wrapit","slug":"valmisruoka-1/valmisateriat-ja-keitot/leivat-paninit-ja-wrapit","__typename":"HierarchyPathItem"},{"id":"1591691237074396","name":"Valmisateriat ja -keitot","slug":"valmisruoka-1/valmisateriat-ja-keitot","__typename":"HierarchyPathItem"},{"id":"StructureGroup_1356670909914497","name":"Valmisruoka","slug":"valmisruoka-1","__typename":"HierarchyPathItem"}],"isGlobalFallback":null,"countryName":{"fi":"Suomi","__typename":"CountryName"}},{"id":"6415712715595","ean":"6415712715595","name":"Rainbow Kana-tacosalaatti 300g","price":3.79,"storeId":725782447,"__typename":"Product","approxPrice":false,"basicQuantityUnit":"KPL","comparisonPrice":12.63,"comparisonUnit":"KGM","consumerPackageSize":null,"consumerPackageUnit":null,"priceUnit":"KPL","quantityMultiplier":1,"brandName":"Rainbow","slug":"rainbow-kana-tacosalaatti-300g","isAgeLimitedByAlcohol":false,"frozen":false,"packagingLabels":[],"packagingLabelCodes":[],"hierarchyPath":[{"id":"1591691237218097","name":"Salaattiateriat","slug":"valmisruoka-1/valmisateriat-ja-keitot/salaattiateriat","__typename":"HierarchyPathItem"},{"id":"1591691237074396","name":"Valmisateriat ja -keitot","slug":"valmisruoka-1/valmisateriat-ja-keitot","__typename":"HierarchyPathItem"},{"id":"StructureGroup_1356670909914497","name":"Valmisruoka","slug":"valmisruoka-1","__typename":"HierarchyPathItem"}],"isGlobalFallback":null,"countryName":{"fi":"Suomi","__typename":"CountryName"}},{"id":"6415712715816","ean":"6415712715816","name":"Makula Kana-Aurajuusto Sandwich 225 g","price":4.49,"storeId":725782447,"__typename":"Product","approxPrice":false,"basicQuantityUnit":"KPL","comparisonPrice":19.96,"comparisonUnit":"KGM","consumerPackageSize":null,"consumerPackageUnit":null,"priceUnit":"KPL","quantityMultiplier":1,"brandName":"Makula","slug":"makula-kana-aurajuusto-sandwich-225-g","isAgeLimitedByAlcohol":false,"frozen":false,"packagingLabels":[],"packagingLabelCodes":[],"hierarchyPath":[{"id":"1591691237218566","name":"Leivät, paninit ja wrapit","slug":"valmisruoka-1/valmisateriat-ja-keitot/leivat-paninit-ja-wrapit","__typename":"HierarchyPathItem"},{"id":"1591691237074396","name":"Valmisateriat ja -keitot","slug":"valmisruoka-1/valmisateriat-ja-keitot","__typename":"HierarchyPathItem"},{"id":"StructureGroup_1356670909914497","name":"Valmisruoka","slug":"valmisruoka-1","__typename":"HierarchyPathItem"}],"isGlobalFallback":null,"countryName":{"fi":"Suomi","__typename":"CountryName"}},{"id":"6415712715854","ean":"6415712715854","name":"Makula BLT Sandwich 215 g","price":4.49,"storeId":725782447,"__typename":"Product","approxPrice":false,"basicQuantityUnit":"KPL","comparisonPrice":20.88,"comparisonUnit":"KGM","consumerPackageSize":null,"consumerPackageUnit":null,"priceUnit":"KPL","quantityMultiplier":1,"brandName":"Makula","slug":"makula-blt-sandwich-215-g","isAgeLimitedByAlcohol":false,"frozen":false,"packagingLabels":[],"packagingLabelCodes":[],"hierarchyPath":[{"id":"1591691237218566","name":"Leivät, paninit ja wrapit","slug":"valmisruoka-1/valmisateriat-ja-keitot/leivat-paninit-ja-wrapit","__typename":"HierarchyPathItem"},{"id":"1591691237074396","name":"Valmisateriat ja -keitot","slug":"valmisruoka-1/valmisateriat-ja-keitot","__typename":"HierarchyPathItem"},{"id":"StructureGroup_1356670909914497","name":"Valmisruoka","slug":"valmisruoka-1","__typename":"HierarchyPathItem"}],"isGlobalFallback":null,"countryName":{"fi":"Suomi","__typename":"CountryName"}},{"id":"6415712715878","ean":"6415712715878","name":"Makula Vöner sandwich 210g","price":4.49,"storeId":725782447,"__typename":"Product","approxPrice":false,"basicQuantityUnit":"KPL","comparisonPrice":21.38,"comparisonUnit":"KGM","consumerPackageSize":null,"consumerPackageUnit":null,"priceUnit":"KPL","quantityMultiplier":1,"brandName":"Makula","slug":"makula-voner-sandwich-210g","isAgeLimitedByAlcohol":false,"frozen":false,"packagingLabels":[],"packagingLabelCodes":[],"hierarchyPath":[{"id":"1591691237218566","name":"Leivät, paninit ja wrapit","slug":"valmisruoka-1/valmisateriat-ja-keitot/leivat-paninit-ja-wrapit","__typename":"HierarchyPathItem"},{"id":"1591691237074396","name":"Valmisateriat ja -keitot","slug":"valmisruoka-1/valmisateriat-ja-keitot","__typename":"HierarchyPathItem"},{"id":"StructureGroup_1356670909914497","name":"Valmisruoka","slug":"valmisruoka-1","__typename":"HierarchyPathItem"}],"isGlobalFallback":null,"countryName":{"fi":"Viro","__typename":"CountryName"}},{"id":"6415712716028","ean":"6415712716028","name":"Makula Kana-Barbeque Sandwich 225 g","price":4.49,"storeId":725782447,"__typename":"Product","approxPrice":false,"basicQuantityUnit":"KPL","comparisonPrice":19.96,"comparisonUnit":"KGM","consumerPackageSize":null,"consumerPackageUnit":null,"priceUnit":"KPL","quantityMultiplier":1,"brandName":"Makula","slug":"makula-kana-barbeque-sandwich-225-g","isAgeLimitedByAlcohol":false,"frozen":false,"packagingLabels":[],"packagingLabelCodes":[],"hierarchyPath":[{"id":"1591691237218566","name":"Leivät, paninit ja wrapit","slug":"valmisruoka-1/valmisateriat-ja-keitot/leivat-paninit-ja-wrapit","__typename":"HierarchyPathItem"},{"id":"1591691237074396","name":"Valmisateriat ja -keitot","slug":"valmisruoka-1/valmisateriat-ja-keitot","__typename":"HierarchyPathItem"},{"id":"StructureGroup_1356670909914497","name":"Valmisruoka","slug":"valmisruoka-1","__typename":"HierarchyPathItem"}],"isGlobalFallback":null,"countryName":{"fi":"Suomi","__typename":"CountryName"}},{"id":"6415712900328","ean":"6415712900328","name":"Rainbow 1kg kidesokeri","price":0.99,"storeId":725782447,"__typename":"Product","approxPrice":false,"basicQuantityUnit":"KPL","comparisonPrice":0.99,"comparisonUnit":"KGM","consumerPackageSize":null,"consumerPackageUnit":null,"priceUnit":"KPL","quantityMultiplier":1,"brandName":"Rainbow","slug":"rainbow-1kg-kidesokeri","isAgeLimitedByAlcohol":false,"frozen":false,"packagingLabels":[],"packagingLabelCodes":[],"hierarchyPath":[{"id":"Herkku_00000449","name":"Sokerit","slug":"kuivatuotteet-ja-leivonta-1/sokerit-makeutusaineet-ja-hunaja/sokerit","__typename":"HierarchyPathItem"},{"id":"Herkku_00000084","name":"Sokerit, makeutusaineet ja hunaja","slug":"kuivatuotteet-ja-leivonta-1/sokerit-makeutusaineet-ja-hunaja","__typename":"HierarchyPathItem"},{"id":"Herkku_00000007","name":"Kuivatuotteet ja leivonta","slug":"kuivatuotteet-ja-leivonta-1","__typename":"HierarchyPathItem"}],"isGlobalFallback":null,"countryName":{"fi":"Suomi","__typename":"CountryName"}},{"id":"6415712900557","ean":"6415712900557","name":"Rainbow 500g täysjyväspagetti","price":1.75,"storeId":725782447,"__typename":"Product","approxPrice":false,"basicQuantityUnit":"KPL","comparisonPrice":3.5,"comparisonUnit":"KGM","consumerPackageSize":null,"consumerPackageUnit":null,"priceUnit":"KPL","quantityMultiplier":1,"brandName":"Rainbow","slug":"rainbow-500g-taysjyvaspagetti","isAgeLimitedByAlcohol":false,"frozen":false,"packagingLabels":[],"packagingLabelCodes":[],"hierarchyPath":[{"id":"Herkku_00000492","name":"Spagetit","slug":"kuivatuotteet-ja-leivonta-1/riisit-pastat-ja-nuudelit/spagetit","__typename":"HierarchyPathItem"},{"id":"Herkku_00000088","name":"Riisit, pastat ja nuudelit","slug":"kuivatuotteet-ja-leivonta-1/riisit-pastat-ja-nuudelit","__typename":"HierarchyPathItem"},{"id":"Herkku_00000007","name":"Kuivatuotteet ja leivonta","slug":"kuivatuotteet-ja-leivonta-1","__typename":"HierarchyPathItem"}],"isGlobalFallback":null,"countryName":{"fi":"Italia","__typename":"CountryName"}},{"id":"6415712900571","ean":"6415712900571","name":"Rainbow 500g täysjyväfusilli kierrepasta","price":1.75,"storeId":725782447,"__typename":"Product","approxPrice":false,"basicQuantityUnit":"KPL","comparisonPrice":3.5,"comparisonUnit":"KGM","consumerPackageSize":null,"consumerPackageUnit":null,"priceUnit":"KPL","quantityMultiplier":1,"brandName":"Rainbow","slug":"rainbow-500g-taysjyvafusilli-kierrepasta","isAgeLimitedByAlcohol":false,"frozen":false,"packagingLabels":[],"packagingLabelCodes":[],"hierarchyPath":[{"id":"Herkku_00000493","name":"Kuviopastat","slug":"kuivatuotteet-ja-leivonta-1/riisit-pastat-ja-nuudelit/kuviopastat","__typename":"HierarchyPathItem"},{"id":"Herkku_00000088","name":"Riisit, pastat ja nuudelit","slug":"kuivatuotteet-ja-leivonta-1/riisit-pastat-ja-nuudelit","__typename":"HierarchyPathItem"},{"id":"Herkku_00000007","name":"Kuivatuotteet ja leivonta","slug":"kuivatuotteet-ja-leivonta-1","__typename":"HierarchyPathItem"}],"isGlobalFallback":null,"countryName":{"fi":"Italia","__typename":"CountryName"}},{"id":"6415712900786","ean":"6415712900786","name":"Rainbow 300g salsakastike mild","price":1.95,"storeId":725782447,"__typename":"Product","approxPrice":false,"basicQuantityUnit":"KPL","comparisonPrice":6.5,"comparisonUnit":"KGM","consumerPackageSize":null,"consumerPackageUnit":null,"priceUnit":"KPL","quantityMultiplier":1,"brandName":"Rainbow","slug":"rainbow-300g-salsakastike-mild","isAgeLimitedByAlcohol":false,"frozen":false,"packagingLabels":[],"packagingLabelCodes":[],"hierarchyPath":[{"id":"Herkku_00000466","name":"Tex-mex kastikkeet","slug":"oljyt-mausteet-maustaminen-1/tex-mex/tex-mex-kastikkeet","__typename":"HierarchyPathItem"},{"id":"StructureGroup_198285814629","name":"Tex mex","slug":"oljyt-mausteet-maustaminen-1/tex-mex","__typename":"HierarchyPathItem"},{"id":"Herkku_00000011","name":"Öljyt, mausteet, maustaminen","slug":"oljyt-mausteet-maustaminen-1","__typename":"HierarchyPathItem"}],"isGlobalFallback":null,"countryName":{"fi":"Belgia","__typename":"CountryName"}},{"id":"6415712900823","ean":"6415712900823","name":"Rainbow 100g mantelilastu","price":2.15,"storeId":725782447,"__typename":"Product","approxPrice":false,"basicQuantityUnit":"KPL","comparisonPrice":21.5,"comparisonUnit":"KGM","consumerPackageSize":null,"consumerPackageUnit":null,"priceUnit":"KPL","quantityMultiplier":1,"brandName":"Rainbow","slug":"rainbow-100g-mantelilastu","isAgeLimitedByAlcohol":false,"frozen":false,"packagingLabels":[],"packagingLabelCodes":[],"hierarchyPath":[{"id":"Herkku_00000406","name":"Leivonta pähkinät&mantelit","slug":"kuivatuotteet-ja-leivonta-1/leivontatarvikkeet/leivonta-pahkinatandmantelit","__typename":"HierarchyPathItem"},{"id":"Herkku_00000072","name":"Leivontatarvikkeet","slug":"kuivatuotteet-ja-leivonta-1/leivontatarvikkeet","__typename":"HierarchyPathItem"},{"id":"Herkku_00000007","name":"Kuivatuotteet ja leivonta","slug":"kuivatuotteet-ja-leivonta-1","__typename":"HierarchyPathItem"}],"isGlobalFallback":null,"countryName":{"fi":"Yhdysvallat","__typename":"CountryName"}},{"id":"6415712900847","ean":"6415712900847","name":"Rainbow 100g mantelirouhe","price":2.35,"storeId":725782447,"__typename":"Product","approxPrice":false,"basicQuantityUnit":"KPL","comparisonPrice":23.5,"comparisonUnit":"KGM","consumerPackageSize":null,"consumerPackageUnit":null,"priceUnit":"KPL","quantityMultiplier":1,"brandName":"Rainbow","slug":"rainbow-100g-mantelirouhe","isAgeLimitedByAlcohol":false,"frozen":false,"packagingLabels":[],"packagingLabelCodes":[],"hierarchyPath":[{"id":"Herkku_00000406","name":"Leivonta pähkinät&mantelit","slug":"kuivatuotteet-ja-leivonta-1/leivontatarvikkeet/leivonta-pahkinatandmantelit","__typename":"HierarchyPathItem"},{"id":"Herkku_00000072","name":"Leivontatarvikkeet","slug":"kuivatuotteet-ja-leivonta-1/leivontatarvikkeet","__typename":"HierarchyPathItem"},{"id":"Herkku_00000007","name":"Kuivatuotteet ja leivonta","slug":"kuivatuotteet-ja-leivonta-1","__typename":"HierarchyPathItem"}],"isGlobalFallback":null,"countryName":{"fi":"Yhdysvallat","__typename":"CountryName"}},{"id":"6415712900861","ean":"6415712900861","name":"Rainbow 100g kuorittu manteli","price":1.98,"storeId":725782447,"__typename":"Product","approxPrice":false,"basicQuantityUnit":"KPL","comparisonPrice":19.8,"comparisonUnit":"KGM","consumerPackageSize":null,"consumerPackageUnit":null,"priceUnit":"KPL","quantityMultiplier":1,"brandName":"Rainbow","slug":"rainbow-100g-kuorittu-manteli","isAgeLimitedByAlcohol":false,"frozen":false,"packagingLabels":[],"packagingLabelCodes":[],"hierarchyPath":[{"id":"Herkku_00000305","name":"Pähkinät","slug":"kuivatuotteet-ja-leivonta-1/siemenet-pahkinat-ja-kuivatut-hedelmat/pahkinat","__typename":"HierarchyPathItem"},{"id":"Herkku_00000050","name":"Siemenet, pähkinät ja kuivatut hedelmät","slug":"kuivatuotteet-ja-leivonta-1/siemenet-pahkinat-ja-kuivatut-hedelmat","__typename":"HierarchyPathItem"},{"id":"Herkku_00000007","name":"Kuivatuotteet ja leivonta","slug":"kuivatuotteet-ja-leivonta-1","__typename":"HierarchyPathItem"}],"isGlobalFallback":null,"countryName":{"fi":"Yhdysvallat","__typename":"CountryName"}},{"id":"6415712900885","ean":"6415712900885","name":"Rainbow 500g Couscous","price":1.89,"storeId":725782447,"__typename":"Product","approxPrice":false,"basicQuantityUnit":"KPL","comparisonPrice":3.78,"comparisonUnit":"KGM","consumerPackageSize":null,"consumerPackageUnit":null,"priceUnit":"KPL","quantityMultiplier":1,"brandName":"Rainbow","slug":"rainbow-500g-couscous","isAgeLimitedByAlcohol":false,"frozen":false,"packagingLabels":[],"packagingLabelCodes":[],"hierarchyPath":[{"id":"Herkku_00000496","name":"Muut pastavalmisteet","slug":"kuivatuotteet-ja-leivonta-1/riisit-pastat-ja-nuudelit/muut-pastavalmisteet","__typename":"HierarchyPathItem"},{"id":"Herkku_00000088","name":"Riisit, pastat ja nuudelit","slug":"kuivatuotteet-ja-leivonta-1/riisit-pastat-ja-nuudelit","__typename":"HierarchyPathItem"},{"id":"Herkku_00000007","name":"Kuivatuotteet ja leivonta","slug":"kuivatuotteet-ja-leivonta-1","__typename":"HierarchyPathItem"}],"isGlobalFallback":null,"countryName":{"fi":"Saksa","__typename":"CountryName"}},{"id":"6415712900984","ean":"6415712900984","name":"Rainbow 200g paseerattu tomaatti","price":0.49,"storeId":725782447,"__typename":"Product","approxPrice":false,"basicQuantityUnit":"KPL","comparisonPrice":2.45,"comparisonUnit":"KGM","consumerPackageSize":null,"consumerPackageUnit":null,"priceUnit":"KPL","quantityMultiplier":1,"brandName":"Rainbow","slug":"rainbow-200g-paseerattu-tomaatti","isAgeLimitedByAlcohol":false,"frozen":false,"packagingLabels":[],"packagingLabelCodes":[],"hierarchyPath":[{"id":"Herkku_00000357","name":"Kasvissäilykkeet","slug":"kuivatuotteet-ja-leivonta-1/sailykkeet/kasvissailykkeet","__typename":"HierarchyPathItem"},{"id":"Herkku_00000063","name":"Säilykkeet","slug":"kuivatuotteet-ja-leivonta-1/sailykkeet","__typename":"HierarchyPathItem"},{"id":"Herkku_00000007","name":"Kuivatuotteet ja leivonta","slug":"kuivatuotteet-ja-leivonta-1","__typename":"HierarchyPathItem"}],"isGlobalFallback":null,"countryName":{"fi":"Italia","__typename":"CountryName"}},{"id":"6415712901134","ean":"6415712901134","name":"Rainbow 500g Täysjyvä Penne Rigate putkipasta","price":1.85,"storeId":725782447,"__typename":"Product","approxPrice":false,"basicQuantityUnit":"KPL","comparisonPrice":3.7,"comparisonUnit":"KGM","consumerPackageSize":null,"consumerPackageUnit":null,"priceUnit":"KPL","quantityMultiplier":1,"brandName":"Rainbow","slug":"rainbow-500g-taysjyva-penne-rigate-putkipasta","isAgeLimitedByAlcohol":false,"frozen":false,"packagingLabels":[],"packagingLabelCodes":[],"hierarchyPath":[{"id":"Herkku_00000493","name":"Kuviopastat","slug":"kuivatuotteet-ja-leivonta-1/riisit-pastat-ja-nuudelit/kuviopastat","__typename":"HierarchyPathItem"},{"id":"Herkku_00000088","name":"Riisit, pastat ja nuudelit","slug":"kuivatuotteet-ja-leivonta-1/riisit-pastat-ja-nuudelit","__typename":"HierarchyPathItem"},{"id":"Herkku_00000007","name":"Kuivatuotteet ja leivonta","slug":"kuivatuotteet-ja-leivonta-1","__typename":"HierarchyPathItem"}],"isGlobalFallback":null,"countryName":{"fi":"Italia","__typename":"CountryName"}},{"id":"6415712901233","ean":"6415712901233","name":"Rainbow Magnesium 375mg ravintolisä 105 g/100 tablettia","price":3.99,"storeId":725782447,"__typename":"Product","approxPrice":false,"basicQuantityUnit":"KPL","comparisonPrice":0.04,"comparisonUnit":"PCE","consumerPackageSize":null,"consumerPackageUnit":null,"priceUnit":"KPL","quantityMultiplier":1,"brandName":"Rainbow","slug":"rainbow-magnesium-375mg-ravintolisa-105-g100-tablettia","isAgeLimitedByAlcohol":false,"frozen":false,"packagingLabels":[],"packagingLabelCodes":[],"hierarchyPath":[{"id":"Herkku_00001053","name":"Magnesiumvalmisteet","slug":"luontaistuotteet-ja-lisaravinteet-1/mineraalivalmisteet/magnesiumvalmisteet","__typename":"HierarchyPathItem"},{"id":"Herkku_00000178","name":"Mineraalivalmisteet","slug":"luontaistuotteet-ja-lisaravinteet-1/mineraalivalmisteet","__typename":"HierarchyPathItem"},{"id":"Herkku_00000016","name":"Luontaistuotteet ja lisäravinteet","slug":"luontaistuotteet-ja-lisaravinteet-1","__typename":"HierarchyPathItem"}],"isGlobalFallback":null,"countryName":{"fi":"Suomi","__typename":"CountryName"}},{"id":"6415712901257","ean":"6415712901257","name":"Kotimaista 250g Ohukais- ja vohvelijauhe","price":1.88,"storeId":725782447,"__typename":"Product","approxPrice":false,"basicQuantityUnit":"KPL","comparisonPrice":7.52,"comparisonUnit":"KGM","consumerPackageSize":null,"consumerPackageUnit":null,"priceUnit":"KPL","quantityMultiplier":1,"brandName":"Kotimaista","slug":"kotimaista-250g-ohukais-ja-vohvelijauhe","isAgeLimitedByAlcohol":false,"frozen":false,"packagingLabels":["Hyvää Suomesta (Sininen Joutsen)"," Kierrätysmerkki"],"packagingLabelCodes":["GOODS_FROM_FINLAND_BLUE_SWAN"," RECYCLABLE_GENERAL_CLAIM"],"hierarchyPath":[{"id":"Herkku_00000372","name":"Jauhoseokset","slug":"kuivatuotteet-ja-leivonta-1/jauhot-ja-leivontaseokset/jauhoseokset","__typename":"HierarchyPathItem"},{"id":"Herkku_00000066","name":"Jauhot ja leivontaseokset","slug":"kuivatuotteet-ja-leivonta-1/jauhot-ja-leivontaseokset","__typename":"HierarchyPathItem"},{"id":"Herkku_00000007","name":"Kuivatuotteet ja leivonta","slug":"kuivatuotteet-ja-leivonta-1","__typename":"HierarchyPathItem"}],"isGlobalFallback":null,"countryName":{"fi":"Suomi","__typename":"CountryName"}},{"id":"6415712901301","ean":"6415712901301","name":"Kotimaista Uunilenkki 400 g","price":2.09,"storeId":725782447,"__typename":"Product","approxPrice":false,"basicQuantityUnit":"KPL","comparisonPrice":5.23,"comparisonUnit":"KGM","consumerPackageSize":null,"consumerPackageUnit":null,"priceUnit":"KPL","quantityMultiplier":1,"brandName":"Kotimaista","slug":"kotimaista-uunilenkki-400-g","isAgeLimitedByAlcohol":false,"frozen":false,"packagingLabels":["Hyvää Suomesta (Sininen Joutsen)"],"packagingLabelCodes":["GOODS_FROM_FINLAND_BLUE_SWAN"],"hierarchyPath":[{"id":"1591691245533165","name":"Lenkkimakkarat","slug":"liha-ja-kasviproteiinit-1/makkarat-nakit-ja-pekonit/lenkkimakkarat","__typename":"HierarchyPathItem"},{"id":"1591691245533161","name":"Makkarat, nakit ja pekonit","slug":"liha-ja-kasviproteiinit-1/makkarat-nakit-ja-pekonit","__typename":"HierarchyPathItem"},{"id":"Herkku_00000014","name":"Liha ja kasviproteiinit","slug":"liha-ja-kasviproteiinit-1","__typename":"HierarchyPathItem"}],"isGlobalFallback":null,"countryName":{"fi":"Suomi","__typename":"CountryName"}},{"id":"6415712901479","ean":"6415712901479","name":"Rainbow Kinkku-juusto kolmioleipä 150g","price":1.95,"storeId":725782447,"__typename":"Product","approxPrice":false,"basicQuantityUnit":"KPL","comparisonPrice":13,"comparisonUnit":"KGM","consumerPackageSize":null,"consumerPackageUnit":null,"priceUnit":"KPL","quantityMultiplier":1,"brandName":"Rainbow","slug":"rainbow-kinkku-juusto-kolmioleipa-150g","isAgeLimitedByAlcohol":false,"frozen":false,"packagingLabels":[],"packagingLabelCodes":[],"hierarchyPath":[{"id":"1591691237218566","name":"Leivät, paninit ja wrapit","slug":"valmisruoka-1/valmisateriat-ja-keitot/leivat-paninit-ja-wrapit","__typename":"HierarchyPathItem"},{"id":"1591691237074396","name":"Valmisateriat ja -keitot","slug":"valmisruoka-1/valmisateriat-ja-keitot","__typename":"HierarchyPathItem"},{"id":"StructureGroup_1356670909914497","name":"Valmisruoka","slug":"valmisruoka-1","__typename":"HierarchyPathItem"}],"isGlobalFallback":null,"countryName":{"fi":"Suomi","__typename":"CountryName"}},{"id":"6415712901516","ean":"6415712901516","name":"Rainbow Kanakolmioleipä 150g","price":1.95,"storeId":725782447,"__typename":"Product","approxPrice":false,"basicQuantityUnit":"KPL","comparisonPrice":13,"comparisonUnit":"KGM","consumerPackageSize":null,"consumerPackageUnit":null,"priceUnit":"KPL","quantityMultiplier":1,"brandName":"Rainbow","slug":"rainbow-kanakolmioleipa-150g","isAgeLimitedByAlcohol":false,"frozen":false,"packagingLabels":[],"packagingLabelCodes":[],"hierarchyPath":[{"id":"1591691237218566","name":"Leivät, paninit ja wrapit","slug":"valmisruoka-1/valmisateriat-ja-keitot/leivat-paninit-ja-wrapit","__typename":"HierarchyPathItem"},{"id":"1591691237074396","name":"Valmisateriat ja -keitot","slug":"valmisruoka-1/valmisateriat-ja-keitot","__typename":"HierarchyPathItem"},{"id":"StructureGroup_1356670909914497","name":"Valmisruoka","slug":"valmisruoka-1","__typename":"HierarchyPathItem"}],"isGlobalFallback":null,"countryName":{"fi":"Suomi","__typename":"CountryName"}},{"id":"6415712901530","ean":"6415712901530","name":"Tonnikalakolmioleipä 150g","price":1.95,"storeId":725782447,"__typename":"Product","approxPrice":false,"basicQuantityUnit":"KPL","comparisonPrice":13,"comparisonUnit":"KGM","consumerPackageSize":null,"consumerPackageUnit":null,"priceUnit":"KPL","quantityMultiplier":1,"brandName":"Rainbow","slug":"tonnikalakolmioleipa-150g","isAgeLimitedByAlcohol":false,"frozen":false,"packagingLabels":[],"packagingLabelCodes":[],"hierarchyPath":[{"id":"1591691237218566","name":"Leivät, paninit ja wrapit","slug":"valmisruoka-1/valmisateriat-ja-keitot/leivat-paninit-ja-wrapit","__typename":"HierarchyPathItem"},{"id":"1591691237074396","name":"Valmisateriat ja -keitot","slug":"valmisruoka-1/valmisateriat-ja-keitot","__typename":"HierarchyPathItem"},{"id":"StructureGroup_1356670909914497","name":"Valmisruoka","slug":"valmisruoka-1","__typename":"HierarchyPathItem"}],"isGlobalFallback":null,"countryName":{"fi":"Suomi","__typename":"CountryName"}},{"id":"6415712901721","ean":"6415712901721","name":"Rainbow Tortelloni 250g tuorepasta juusto-aurinkokuivattu tomaatti","price":2.19,"storeId":725782447,"__typename":"Product","approxPrice":false,"basicQuantityUnit":"KPL","comparisonPrice":8.76,"comparisonUnit":"KGM","consumerPackageSize":null,"consumerPackageUnit":null,"priceUnit":"KPL","quantityMultiplier":1,"brandName":"Rainbow","slug":"rainbow-tortelloni-250g-tuorepasta-juusto-aurinkokuivattu-tomaatti","isAgeLimitedByAlcohol":false,"frozen":false,"packagingLabels":[],"packagingLabelCodes":[],"hierarchyPath":[{"id":"1591691237218603","name":"Lisäkesalaatit ja tuorepasta","slug":"valmisruoka-1/lisakesalaatit-ja-tuorepasta","__typename":"HierarchyPathItem"},{"id":"StructureGroup_1356670909914497","name":"Valmisruoka","slug":"valmisruoka-1","__typename":"HierarchyPathItem"}],"isGlobalFallback":null,"countryName":{"fi":"Italia","__typename":"CountryName"}},{"id":"6415712901745","ean":"6415712901745","name":"Rainbow Tortelloni tuorepasta 250g juusto","price":2.19,"storeId":725782447,"__typename":"Product","approxPrice":false,"basicQuantityUnit":"KPL","comparisonPrice":8.76,"comparisonUnit":"KGM","consumerPackageSize":null,"consumerPackageUnit":null,"priceUnit":"KPL","quantityMultiplier":1,"brandName":"Rainbow","slug":"rainbow-tortelloni-tuorepasta-250g-juusto","isAgeLimitedByAlcohol":false,"frozen":false,"packagingLabels":[],"packagingLabelCodes":[],"hierarchyPath":[{"id":"1591691237218603","name":"Lisäkesalaatit ja tuorepasta","slug":"valmisruoka-1/lisakesalaatit-ja-tuorepasta","__typename":"HierarchyPathItem"},{"id":"StructureGroup_1356670909914497","name":"Valmisruoka","slug":"valmisruoka-1","__typename":"HierarchyPathItem"}],"isGlobalFallback":null,"countryName":{"fi":"Italia","__typename":"CountryName"}},{"id":"6415712901769","ean":"6415712901769","name":"Rainbow 200g paahdettu sipulirouhe","price":1.55,"storeId":725782447,"__typename":"Product","approxPrice":false,"basicQuantityUnit":"KPL","comparisonPrice":7.75,"comparisonUnit":"KGM","consumerPackageSize":null,"consumerPackageUnit":null,"priceUnit":"KPL","quantityMultiplier":1,"brandName":"Rainbow","slug":"rainbow-200g-paahdettu-sipulirouhe","isAgeLimitedByAlcohol":false,"frozen":false,"packagingLabels":[],"packagingLabelCodes":[],"hierarchyPath":[{"id":"Herkku_00000416","name":"Kuivatut kasvikset ja sienet","slug":"oljyt-mausteet-maustaminen-1/mausteet/kuivatut-kasvikset-ja-sienet","__typename":"HierarchyPathItem"},{"id":"Herkku_00000075","name":"Mausteet","slug":"oljyt-mausteet-maustaminen-1/mausteet","__typename":"HierarchyPathItem"},{"id":"Herkku_00000011","name":"Öljyt, mausteet, maustaminen","slug":"oljyt-mausteet-maustaminen-1","__typename":"HierarchyPathItem"}],"isGlobalFallback":null,"countryName":{"fi":"Alankomaat","__typename":"CountryName"}},{"id":"6415712902858","ean":"6415712902858","name":"Rainbow 400g vadelmakääretorttu","price":2.49,"storeId":725782447,"__typename":"Product","approxPrice":false,"basicQuantityUnit":"KPL","comparisonPrice":6.23,"comparisonUnit":"KGM","consumerPackageSize":null,"consumerPackageUnit":null,"priceUnit":"KPL","quantityMultiplier":1,"brandName":"Rainbow","slug":"rainbow-400g-vadelmakaaretorttu","isAgeLimitedByAlcohol":false,"frozen":false,"packagingLabels":[],"packagingLabelCodes":[],"hierarchyPath":[{"id":"Herkku_00000943","name":"Kääretortut","slug":"leivat-keksit-ja-leivonnaiset-1/leivonnaiset/kaaretortut","__typename":"HierarchyPathItem"},{"id":"Herkku_00000152","name":"Leivonnaiset","slug":"leivat-keksit-ja-leivonnaiset-1/leivonnaiset","__typename":"HierarchyPathItem"},{"id":"Herkku_00000008","name":"Leivät, keksit ja leivonnaiset","slug":"leivat-keksit-ja-leivonnaiset-1","__typename":"HierarchyPathItem"}],"isGlobalFallback":null,"countryName":{"fi":"Tanska","__typename":"CountryName"}},{"id":"6415712902902","ean":"6415712902902","name":"Rainbow 200g Caesar-salaatti","price":2.95,"storeId":725782447,"__typename":"Product","approxPrice":false,"basicQuantityUnit":"KPL","comparisonPrice":14.75,"comparisonUnit":"KGM","consumerPackageSize":null,"consumerPackageUnit":null,"priceUnit":"KPL","quantityMultiplier":1,"brandName":"Rainbow","slug":"rainbow-200g-caesar-salaatti","isAgeLimitedByAlcohol":false,"frozen":false,"packagingLabels":[],"packagingLabelCodes":[],"hierarchyPath":[{"id":"Herkku_00000208","name":"Salaatit","slug":"hedelmat-ja-vihannekset-1/vihannekset/salaatit","__typename":"HierarchyPathItem"},{"id":"Herkku_00000023","name":"Vihannekset","slug":"hedelmat-ja-vihannekset-1/vihannekset","__typename":"HierarchyPathItem"},{"id":"Herkku_00000001","name":"Hedelmät ja vihannekset","slug":"hedelmat-ja-vihannekset-1","__typename":"HierarchyPathItem"}],"isGlobalFallback":null,"countryName":null},{"id":"6415712902995","ean":"6415712902995","name":"Rainbow 200g pekonisuikaleet","price":2.39,"storeId":725782447,"__typename":"Product","approxPrice":false,"basicQuantityUnit":"KPL","comparisonPrice":11.95,"comparisonUnit":"KGM","consumerPackageSize":null,"consumerPackageUnit":null,"priceUnit":"KPL","quantityMultiplier":1,"brandName":"Rainbow","slug":"rainbow-200g-pekonisuikaleet","isAgeLimitedByAlcohol":false,"frozen":false,"packagingLabels":[],"packagingLabelCodes":[],"hierarchyPath":[{"id":"1591691245533175","name":"Pekonit","slug":"liha-ja-kasviproteiinit-1/makkarat-nakit-ja-pekonit/pekonit","__typename":"HierarchyPathItem"},{"id":"1591691245533161","name":"Makkarat, nakit ja pekonit","slug":"liha-ja-kasviproteiinit-1/makkarat-nakit-ja-pekonit","__typename":"HierarchyPathItem"},{"id":"Herkku_00000014","name":"Liha ja kasviproteiinit","slug":"liha-ja-kasviproteiinit-1","__typename":"HierarchyPathItem"}],"isGlobalFallback":null,"countryName":{"fi":"Puola","__typename":"CountryName"}},{"id":"6415712903381","ean":"6415712903381","name":"Rainbow Aurinkosalaatti 350g","price":2.09,"storeId":725782447,"__typename":"Product","approxPrice":false,"basicQuantityUnit":"KPL","comparisonPrice":5.97,"comparisonUnit":"KGM","consumerPackageSize":null,"consumerPackageUnit":null,"priceUnit":"KPL","quantityMultiplier":1,"brandName":"Rainbow","slug":"rainbow-aurinkosalaatti-350g","isAgeLimitedByAlcohol":false,"frozen":false,"packagingLabels":[],"packagingLabelCodes":[],"hierarchyPath":[{"id":"1591691237218603","name":"Lisäkesalaatit ja tuorepasta","slug":"valmisruoka-1/lisakesalaatit-ja-tuorepasta","__typename":"HierarchyPathItem"},{"id":"StructureGroup_1356670909914497","name":"Valmisruoka","slug":"valmisruoka-1","__typename":"HierarchyPathItem"}],"isGlobalFallback":null,"countryName":{"fi":"Suomi","__typename":"CountryName"}},{"id":"6415712903411","ean":"6415712903411","name":"Rainbow Kaisersalaatti 400g","price":2.59,"storeId":725782447,"__typename":"Product","approxPrice":false,"basicQuantityUnit":"KPL","comparisonPrice":6.48,"comparisonUnit":"KGM","consumerPackageSize":null,"consumerPackageUnit":null,"priceUnit":"KPL","quantityMultiplier":1,"brandName":"Rainbow","slug":"rainbow-kaisersalaatti-400g","isAgeLimitedByAlcohol":false,"frozen":false,"packagingLabels":[],"packagingLabelCodes":[],"hierarchyPath":[{"id":"1591691237218603","name":"Lisäkesalaatit ja tuorepasta","slug":"valmisruoka-1/lisakesalaatit-ja-tuorepasta","__typename":"HierarchyPathItem"},{"id":"StructureGroup_1356670909914497","name":"Valmisruoka","slug":"valmisruoka-1","__typename":"HierarchyPathItem"}],"isGlobalFallback":null,"countryName":{"fi":"Suomi","__typename":"CountryName"}},{"id":"6415712904067","ean":"6415712904067","name":"Rainbow Donitsi 200g","price":1.69,"storeId":725782447,"__typename":"Product","approxPrice":false,"basicQuantityUnit":"KPL","comparisonPrice":8.45,"comparisonUnit":"KGM","consumerPackageSize":null,"consumerPackageUnit":null,"priceUnit":"KPL","quantityMultiplier":1,"brandName":"Rainbow","slug":"rainbow-donitsi-200g","isAgeLimitedByAlcohol":false,"frozen":false,"packagingLabels":[],"packagingLabelCodes":[],"hierarchyPath":[{"id":"Herkku_00000941","name":"Donitsit","slug":"leivat-keksit-ja-leivonnaiset-1/leivonnaiset/donitsit","__typename":"HierarchyPathItem"},{"id":"Herkku_00000152","name":"Leivonnaiset","slug":"leivat-keksit-ja-leivonnaiset-1/leivonnaiset","__typename":"HierarchyPathItem"},{"id":"Herkku_00000008","name":"Leivät, keksit ja leivonnaiset","slug":"leivat-keksit-ja-leivonnaiset-1","__typename":"HierarchyPathItem"}],"isGlobalFallback":null,"countryName":{"fi":"Suomi","__typename":"CountryName"}},{"id":"6415712904166","ean":"6415712904166","name":"Kotimaista Kevyt Nakki 300g","price":1.89,"storeId":725782447,"__typename":"Product","approxPrice":false,"basicQuantityUnit":"KPL","comparisonPrice":6.3,"comparisonUnit":"KGM","consumerPackageSize":null,"consumerPackageUnit":null,"priceUnit":"KPL","quantityMultiplier":1,"brandName":"Kotimaista","slug":"kotimaista-kevyt-nakki-300g","isAgeLimitedByAlcohol":false,"frozen":false,"packagingLabels":["Hyvää Suomesta (Sininen Joutsen)"],"packagingLabelCodes":["GOODS_FROM_FINLAND_BLUE_SWAN"],"hierarchyPath":[{"id":"1591691245533167","name":"Nakit","slug":"liha-ja-kasviproteiinit-1/makkarat-nakit-ja-pekonit/nakit","__typename":"HierarchyPathItem"},{"id":"1591691245533161","name":"Makkarat, nakit ja pekonit","slug":"liha-ja-kasviproteiinit-1/makkarat-nakit-ja-pekonit","__typename":"HierarchyPathItem"},{"id":"Herkku_00000014","name":"Liha ja kasviproteiinit","slug":"liha-ja-kasviproteiinit-1","__typename":"HierarchyPathItem"}],"isGlobalFallback":null,"countryName":{"fi":"Suomi","__typename":"CountryName"}},{"id":"6415712904807","ean":"6415712904807","name":"Kotimaista Coleslaw 350g","price":1.89,"storeId":725782447,"__typename":"Product","approxPrice":false,"basicQuantityUnit":"KPL","comparisonPrice":5.4,"comparisonUnit":"KGM","consumerPackageSize":null,"consumerPackageUnit":null,"priceUnit":"KPL","quantityMultiplier":1,"brandName":"Kotimaista","slug":"kotimaista-coleslaw-350g","isAgeLimitedByAlcohol":false,"frozen":false,"packagingLabels":["Hyvää Suomesta (Sininen Joutsen)"],"packagingLabelCodes":["GOODS_FROM_FINLAND_BLUE_SWAN"],"hierarchyPath":[{"id":"1591691237218603","name":"Lisäkesalaatit ja tuorepasta","slug":"valmisruoka-1/lisakesalaatit-ja-tuorepasta","__typename":"HierarchyPathItem"},{"id":"StructureGroup_1356670909914497","name":"Valmisruoka","slug":"valmisruoka-1","__typename":"HierarchyPathItem"}],"isGlobalFallback":null,"countryName":{"fi":"Suomi","__typename":"CountryName"}},{"id":"6415712904821","ean":"6415712904821","name":"Kotimaista Ylikypsä kinkkupala 350g","price":3.39,"storeId":725782447,"__typename":"Product","approxPrice":false,"basicQuantityUnit":"KPL","comparisonPrice":9.69,"comparisonUnit":"KGM","consumerPackageSize":null,"consumerPackageUnit":null,"priceUnit":"KPL","quantityMultiplier":1,"brandName":"Kotimaista","slug":"kotimaista-ylikypsa-kinkkupala-350g","isAgeLimitedByAlcohol":false,"frozen":false,"packagingLabels":["Hyvää Suomesta (Sininen Joutsen)"],"packagingLabelCodes":["GOODS_FROM_FINLAND_BLUE_SWAN"],"hierarchyPath":[{"id":"1591691245926574","name":"Kinkkusuikaleet ja lihapalat","slug":"liha-ja-kasviproteiinit-1/kinkut-ja-leikkeleet/kinkkusuikaleet-ja-lihapalat","__typename":"HierarchyPathItem"},{"id":"Herkku_00000156","name":"Kinkut ja leikkeleet","slug":"liha-ja-kasviproteiinit-1/kinkut-ja-leikkeleet","__typename":"HierarchyPathItem"},{"id":"Herkku_00000014","name":"Liha ja kasviproteiinit","slug":"liha-ja-kasviproteiinit-1","__typename":"HierarchyPathItem"}],"isGlobalFallback":null,"countryName":{"fi":"Suomi","__typename":"CountryName"}},{"id":"6415712904913","ean":"6415712904913","name":"Kotimaista 180g kaali- ja salaattisekoitus","price":2.95,"storeId":725782447,"__typename":"Product","approxPrice":false,"basicQuantityUnit":"KPL","comparisonPrice":16.39,"comparisonUnit":"KGM","consumerPackageSize":null,"consumerPackageUnit":null,"priceUnit":"KPL","quantityMultiplier":1,"brandName":"Kotimaista","slug":"kotimaista-180g-kaali-ja-salaattisekoitus","isAgeLimitedByAlcohol":false,"frozen":false,"packagingLabels":["Hyvää Suomesta (Sininen Joutsen)"],"packagingLabelCodes":["GOODS_FROM_FINLAND_BLUE_SWAN"],"hierarchyPath":[{"id":"Herkku_00000208","name":"Salaatit","slug":"hedelmat-ja-vihannekset-1/vihannekset/salaatit","__typename":"HierarchyPathItem"},{"id":"Herkku_00000023","name":"Vihannekset","slug":"hedelmat-ja-vihannekset-1/vihannekset","__typename":"HierarchyPathItem"},{"id":"Herkku_00000001","name":"Hedelmät ja vihannekset","slug":"hedelmat-ja-vihannekset-1","__typename":"HierarchyPathItem"}],"isGlobalFallback":null,"countryName":{"fi":"Suomi","__typename":"CountryName"}},{"id":"6415712905088","ean":"6415712905088","name":"Kotimaista Riisipuuro 300g","price":1.59,"storeId":725782447,"__typename":"Product","approxPrice":false,"basicQuantityUnit":"KPL","comparisonPrice":5.3,"comparisonUnit":"KGM","consumerPackageSize":null,"consumerPackageUnit":null,"priceUnit":"KPL","quantityMultiplier":1,"brandName":"Kotimaista","slug":"kotimaista-riisipuuro-300g","isAgeLimitedByAlcohol":false,"frozen":false,"packagingLabels":["Hyvää Suomesta (Sininen Joutsen)"],"packagingLabelCodes":["GOODS_FROM_FINLAND_BLUE_SWAN"],"hierarchyPath":[{"id":"1591691237218609","name":"Puurot ja vellit","slug":"valmisruoka-1/puurot-ja-kiisselit/puurot-ja-vellit","__typename":"HierarchyPathItem"},{"id":"1591691237074397","name":"Puurot ja kiisselit","slug":"valmisruoka-1/puurot-ja-kiisselit","__typename":"HierarchyPathItem"},{"id":"StructureGroup_1356670909914497","name":"Valmisruoka","slug":"valmisruoka-1","__typename":"HierarchyPathItem"}],"isGlobalFallback":null,"countryName":{"fi":"Suomi","__typename":"CountryName"}},{"id":"6415712905194","ean":"6415712905194","name":"Rainbow 500g spaghetti bolognese","price":3.29,"storeId":725782447,"__typename":"Product","approxPrice":false,"basicQuantityUnit":"KPL","comparisonPrice":6.58,"comparisonUnit":"KGM","consumerPackageSize":null,"consumerPackageUnit":null,"priceUnit":"KPL","quantityMultiplier":1,"brandName":"Rainbow","slug":"rainbow-500g-spaghetti-bolognese","isAgeLimitedByAlcohol":false,"frozen":false,"packagingLabels":[],"packagingLabelCodes":[],"hierarchyPath":[{"id":"1591691237074402","name":"Pastat ja lasagnet","slug":"valmisruoka-1/laatikot-pastat-ja-lasagnet/pastat-ja-lasagnet","__typename":"HierarchyPathItem"},{"id":"1591691237074392","name":"Laatikot, pastat ja lasagnet","slug":"valmisruoka-1/laatikot-pastat-ja-lasagnet","__typename":"HierarchyPathItem"},{"id":"StructureGroup_1356670909914497","name":"Valmisruoka","slug":"valmisruoka-1","__typename":"HierarchyPathItem"}],"isGlobalFallback":null,"countryName":{"fi":"Belgia","__typename":"CountryName"}},{"id":"6415712905491","ean":"6415712905491","name":"Rainbow meetvursti 200g","price":2.55,"storeId":725782447,"__typename":"Product","approxPrice":false,"basicQuantityUnit":"KPL","comparisonPrice":12.75,"comparisonUnit":"KGM","consumerPackageSize":null,"consumerPackageUnit":null,"priceUnit":"KPL","quantityMultiplier":1,"brandName":"Rainbow","slug":"rainbow-meetvursti-200g","isAgeLimitedByAlcohol":false,"frozen":false,"packagingLabels":[],"packagingLabelCodes":[],"hierarchyPath":[{"id":"1591691245926568","name":"Meetvurstit ja salamit","slug":"liha-ja-kasviproteiinit-1/kinkut-ja-leikkeleet/meetvurstit-ja-salamit","__typename":"HierarchyPathItem"},{"id":"Herkku_00000156","name":"Kinkut ja leikkeleet","slug":"liha-ja-kasviproteiinit-1/kinkut-ja-leikkeleet","__typename":"HierarchyPathItem"},{"id":"Herkku_00000014","name":"Liha ja kasviproteiinit","slug":"liha-ja-kasviproteiinit-1","__typename":"HierarchyPathItem"}],"isGlobalFallback":null,"countryName":{"fi":"Suomi","__typename":"CountryName"}},{"id":"6415712905507","ean":"6415712905507","name":"Kotimaista Kinkkukiusaus 300g","price":2.39,"storeId":725782447,"__typename":"Product","approxPrice":false,"basicQuantityUnit":"KPL","comparisonPrice":7.97,"comparisonUnit":"KGM","consumerPackageSize":null,"consumerPackageUnit":null,"priceUnit":"KPL","quantityMultiplier":1,"brandName":"Kotimaista","slug":"kotimaista-kinkkukiusaus-300g","isAgeLimitedByAlcohol":false,"frozen":false,"packagingLabels":["Hyvää Suomesta (Sininen Joutsen)"],"packagingLabelCodes":["GOODS_FROM_FINLAND_BLUE_SWAN"],"hierarchyPath":[{"id":"1591691237074405","name":"Peruna- ja kasvilisäkkeet","slug":"valmisruoka-1/laatikot-pastat-ja-lasagnet/peruna-ja-kasvilisakkeet","__typename":"HierarchyPathItem"},{"id":"1591691237074392","name":"Laatikot, pastat ja lasagnet","slug":"valmisruoka-1/laatikot-pastat-ja-lasagnet","__typename":"HierarchyPathItem"},{"id":"StructureGroup_1356670909914497","name":"Valmisruoka","slug":"valmisruoka-1","__typename":"HierarchyPathItem"}],"isGlobalFallback":null,"countryName":{"fi":"Suomi","__typename":"CountryName"}},{"id":"6415712905729","ean":"6415712905729","name":"Rainbow 250g perhesalaattisekoitus","price":2.65,"storeId":725782447,"__typename":"Product","approxPrice":false,"basicQuantityUnit":"KPL","comparisonPrice":10.6,"comparisonUnit":"KGM","consumerPackageSize":null,"consumerPackageUnit":null,"priceUnit":"KPL","quantityMultiplier":1,"brandName":"Rainbow","slug":"rainbow-250g-perhesalaattisekoitus","isAgeLimitedByAlcohol":false,"frozen":false,"packagingLabels":[],"packagingLabelCodes":[],"hierarchyPath":[{"id":"Herkku_00000208","name":"Salaatit","slug":"hedelmat-ja-vihannekset-1/vihannekset/salaatit","__typename":"HierarchyPathItem"},{"id":"Herkku_00000023","name":"Vihannekset","slug":"hedelmat-ja-vihannekset-1/vihannekset","__typename":"HierarchyPathItem"},{"id":"Herkku_00000001","name":"Hedelmät ja vihannekset","slug":"hedelmat-ja-vihannekset-1","__typename":"HierarchyPathItem"}],"isGlobalFallback":null,"countryName":null},{"id":"6415712939526","ean":"6415712939526","name":"Kotimaista Kanan fileeleike miedosti suolattu 410 g","price":6.98,"storeId":725782447,"__typename":"Product","approxPrice":false,"basicQuantityUnit":"KPL","comparisonPrice":17.02,"comparisonUnit":"KGM","consumerPackageSize":null,"consumerPackageUnit":null,"priceUnit":"KPL","quantityMultiplier":1,"brandName":"Kotimaista","slug":"kotimaista-kanan-fileeleike-miedosti-suolattu-410-g","isAgeLimitedByAlcohol":false,"frozen":false,"packagingLabels":["Hyvää Suomesta (Sininen Joutsen)"],"packagingLabelCodes":["GOODS_FROM_FINLAND_BLUE_SWAN"],"hierarchyPath":[{"id":"1591691242477860","name":"Kanan pihvit, leikkeleet ja puolivalmisteet","slug":"liha-ja-kasviproteiinit-1/kana-broileri-ja-kalkkuna/kanan-pihvit-leikkeleet-ja-puolivalmisteet","__typename":"HierarchyPathItem"},{"id":"1591691242477859","name":"Kana, broileri ja kalkkuna","slug":"liha-ja-kasviproteiinit-1/kana-broileri-ja-kalkkuna","__typename":"HierarchyPathItem"},{"id":"Herkku_00000014","name":"Liha ja kasviproteiinit","slug":"liha-ja-kasviproteiinit-1","__typename":"HierarchyPathItem"}],"isGlobalFallback":null,"countryName":{"fi":"Suomi","__typename":"CountryName"}},{"id":"6415713110344","ean":"6415713110344","name":"Rainbow parsakaali-kukkakaali-porkkana pakaste 450g","price":1.55,"storeId":725782447,"__typename":"Product","approxPrice":false,"basicQuantityUnit":"KPL","comparisonPrice":3.44,"comparisonUnit":"KGM","consumerPackageSize":null,"consumerPackageUnit":null,"priceUnit":"KPL","quantityMultiplier":1,"brandName":"Rainbow","slug":"rainbow-parsakaali-kukkakaali-porkkana-pakaste-450g","isAgeLimitedByAlcohol":false,"frozen":true,"packagingLabels":["Sydänmerkki"],"packagingLabelCodes":["FINNISH_HEART_SYMBOL"],"hierarchyPath":[{"id":"1591691225905745","name":"Kasvissekoitukset","slug":"pakasteet-1/kasvispakasteet/kasvissekoitukset","__typename":"HierarchyPathItem"},{"id":"Herkku_00000132","name":"Kasvispakasteet","slug":"pakasteet-1/kasvispakasteet","__typename":"HierarchyPathItem"},{"id":"Herkku_00000013","name":"Pakasteet","slug":"pakasteet-1","__typename":"HierarchyPathItem"}],"isGlobalFallback":null,"countryName":{"fi":"Espanja","__typename":"CountryName"}},{"id":"6415713573514","ean":"6415713573514","name":"Rainbow Siivellinen ultraohut normaali","price":1.79,"storeId":725782447,"__typename":"Product","approxPrice":false,"basicQuantityUnit":"KPL","comparisonPrice":0.13,"comparisonUnit":"PCE","consumerPackageSize":null,"consumerPackageUnit":null,"priceUnit":"KPL","quantityMultiplier":1,"brandName":"Rainbow","slug":"rainbow-siivellinen-ultraohut-normaali","isAgeLimitedByAlcohol":false,"frozen":false,"packagingLabels":[],"packagingLabelCodes":[],"hierarchyPath":[{"id":"1591691233571265","name":"Siteet","slug":"kosmetiikka-ja-hygienia/intiimihygienia-ja-intiimituotteet/siteet","__typename":"HierarchyPathItem"},{"id":"1591691233571247","name":"Intiimihygienia ja intiimituotteet","slug":"kosmetiikka-ja-hygienia/intiimihygienia-ja-intiimituotteet","__typename":"HierarchyPathItem"},{"id":"1591691233334707","name":"Kosmetiikka ja hygienia","slug":"kosmetiikka-ja-hygienia","__typename":"HierarchyPathItem"}],"isGlobalFallback":null,"countryName":{"fi":"Italia","__typename":"CountryName"}},{"id":"6415715000100","ean":"6415715000100","name":"Rainbow 250g nut mix","price":2.98,"storeId":725782447,"__typename":"Product","approxPrice":false,"basicQuantityUnit":"KPL","comparisonPrice":11.92,"comparisonUnit":"KGM","consumerPackageSize":null,"consumerPackageUnit":null,"priceUnit":"KPL","quantityMultiplier":1,"brandName":"Rainbow","slug":"rainbow-250g-nut-mix","isAgeLimitedByAlcohol":false,"frozen":false,"packagingLabels":[],"packagingLabelCodes":[],"hierarchyPath":[{"id":"Herkku_00000305","name":"Pähkinät","slug":"kuivatuotteet-ja-leivonta-1/siemenet-pahkinat-ja-kuivatut-hedelmat/pahkinat","__typename":"HierarchyPathItem"},{"id":"Herkku_00000050","name":"Siemenet, pähkinät ja kuivatut hedelmät","slug":"kuivatuotteet-ja-leivonta-1/siemenet-pahkinat-ja-kuivatut-hedelmat","__typename":"HierarchyPathItem"},{"id":"Herkku_00000007","name":"Kuivatuotteet ja leivonta","slug":"kuivatuotteet-ja-leivonta-1","__typename":"HierarchyPathItem"}],"isGlobalFallback":null,"countryName":{"fi":"Alankomaat","__typename":"CountryName"}},{"id":"6415715101340","ean":"6415715101340","name":"Kotimaista Silakkafilee MSC 250 g","price":3.98,"storeId":725782447,"__typename":"Product","approxPrice":false,"basicQuantityUnit":"KPL","comparisonPrice":15.92,"comparisonUnit":"KGM","consumerPackageSize":null,"consumerPackageUnit":null,"priceUnit":"KPL","quantityMultiplier":1,"brandName":"Kotimaista","slug":"kotimaista-silakkafilee-msc-250-g","isAgeLimitedByAlcohol":false,"frozen":false,"packagingLabels":["Hyvää Suomesta (Sininen Joutsen)"," MSC (Marine Stewardship Council)"],"packagingLabelCodes":["GOODS_FROM_FINLAND_BLUE_SWAN"," MARINE_STEWARDSHIP_COUNCIL_LABEL"],"hierarchyPath":[{"id":"StructureGroup_198285811030","name":"Tuore kala","slug":"kala-ja-merenelavat-1/kala/tuore-kala","__typename":"HierarchyPathItem"},{"id":"StructureGroup_198285810979","name":"Kala","slug":"kala-ja-merenelavat-1/kala","__typename":"HierarchyPathItem"},{"id":"Herkku_00000004","name":"Kala ja merenelävät","slug":"kala-ja-merenelavat-1","__typename":"HierarchyPathItem"}],"isGlobalFallback":null,"countryName":{"fi":"Suomi","__typename":"CountryName"}},{"id":"6415715102705","ean":"6415715102705","name":"Raffini hiuslenkki musta litteä 10kpl","price":1.95,"storeId":725782447,"__typename":"Product","approxPrice":false,"basicQuantityUnit":"KPL","comparisonPrice":0.2,"comparisonUnit":"PCE","consumerPackageSize":null,"consumerPackageUnit":null,"priceUnit":"KPL","quantityMultiplier":1,"brandName":"Raffini","slug":"raffini-hiuslenkki-musta-littea-10kpl","isAgeLimitedByAlcohol":false,"frozen":false,"packagingLabels":[],"packagingLabelCodes":[],"hierarchyPath":[{"id":"1591691233415309","name":"Hiustarvikkeet","slug":"kosmetiikka-ja-hygienia/hiukset-ja-hiustenhoito/hiustarvikkeet","__typename":"HierarchyPathItem"},{"id":"1591691233415300","name":"Hiukset ja hiustenhoito","slug":"kosmetiikka-ja-hygienia/hiukset-ja-hiustenhoito","__typename":"HierarchyPathItem"},{"id":"1591691233334707","name":"Kosmetiikka ja hygienia","slug":"kosmetiikka-ja-hygienia","__typename":"HierarchyPathItem"}],"isGlobalFallback":null,"countryName":{"fi":"Kiina","__typename":"CountryName"}},{"id":"6415715104303","ean":"6415715104303","name":"Raffini hiusharja Delfiini","price":2.95,"storeId":725782447,"__typename":"Product","approxPrice":false,"basicQuantityUnit":"KPL","comparisonPrice":2.95,"comparisonUnit":"PCE","consumerPackageSize":null,"consumerPackageUnit":null,"priceUnit":"KPL","quantityMultiplier":1,"brandName":"Raffini","slug":"raffini-hiusharja-delfiini","isAgeLimitedByAlcohol":false,"frozen":false,"packagingLabels":[],"packagingLabelCodes":[],"hierarchyPath":[{"id":"1591691233415309","name":"Hiustarvikkeet","slug":"kosmetiikka-ja-hygienia/hiukset-ja-hiustenhoito/hiustarvikkeet","__typename":"HierarchyPathItem"},{"id":"1591691233415300","name":"Hiukset ja hiustenhoito","slug":"kosmetiikka-ja-hygienia/hiukset-ja-hiustenhoito","__typename":"HierarchyPathItem"},{"id":"1591691233334707","name":"Kosmetiikka ja hygienia","slug":"kosmetiikka-ja-hygienia","__typename":"HierarchyPathItem"}],"isGlobalFallback":null,"countryName":{"fi":"Kiina","__typename":"CountryName"}},{"id":"6415715107427","ean":"6415715107427","name":"X-tra 930g tomaattinen salaattikastike","price":3.19,"storeId":725782447,"__typename":"Product","approxPrice":false,"basicQuantityUnit":"KPL","comparisonPrice":3.43,"comparisonUnit":"KGM","consumerPackageSize":null,"consumerPackageUnit":null,"priceUnit":"KPL","quantityMultiplier":1,"brandName":"X-tra","slug":"x-tra-930g-tomaattinen-salaattikastike","isAgeLimitedByAlcohol":false,"frozen":false,"packagingLabels":[],"packagingLabelCodes":[],"hierarchyPath":[{"id":"Herkku_00000076","name":"Salaatinkastikkeet","slug":"oljyt-mausteet-maustaminen-1/salaatinkastikkeet","__typename":"HierarchyPathItem"},{"id":"Herkku_00000011","name":"Öljyt, mausteet, maustaminen","slug":"oljyt-mausteet-maustaminen-1","__typename":"HierarchyPathItem"}],"isGlobalFallback":null,"countryName":{"fi":"Suomi","__typename":"CountryName"}},{"id":"6415715111059","ean":"6415715111059","name":"Rainbow 340/190g minikurkku","price":1.75,"storeId":725782447,"__typename":"Product","approxPrice":false,"basicQuantityUnit":"KPL","comparisonPrice":9.21,"comparisonUnit":"KGM","consumerPackageSize":null,"consumerPackageUnit":null,"priceUnit":"KPL","quantityMultiplier":1,"brandName":"Rainbow","slug":"rainbow-340190g-minikurkku","isAgeLimitedByAlcohol":false,"frozen":false,"packagingLabels":[],"packagingLabelCodes":[],"hierarchyPath":[{"id":"Herkku_00000357","name":"Kasvissäilykkeet","slug":"kuivatuotteet-ja-leivonta-1/sailykkeet/kasvissailykkeet","__typename":"HierarchyPathItem"},{"id":"Herkku_00000063","name":"Säilykkeet","slug":"kuivatuotteet-ja-leivonta-1/sailykkeet","__typename":"HierarchyPathItem"},{"id":"Herkku_00000007","name":"Kuivatuotteet ja leivonta","slug":"kuivatuotteet-ja-leivonta-1","__typename":"HierarchyPathItem"}],"isGlobalFallback":null,"countryName":{"fi":"Turkki","__typename":"CountryName"}},{"id":"6415715120082","ean":"6415715120082","name":"X-tra 150g Italian pata","price":1.79,"storeId":725782447,"__typename":"Product","approxPrice":false,"basicQuantityUnit":"KPL","comparisonPrice":11.93,"comparisonUnit":"KGM","consumerPackageSize":null,"consumerPackageUnit":null,"priceUnit":"KPL","quantityMultiplier":1,"brandName":"Xtra","slug":"x-tra-150g-italian-pata","isAgeLimitedByAlcohol":false,"frozen":false,"packagingLabels":[],"packagingLabelCodes":[],"hierarchyPath":[{"id":"Herkku_00000468","name":"Pata-ainekset","slug":"kuivatuotteet-ja-leivonta-1/ateria-ainekset/pata-ainekset","__typename":"HierarchyPathItem"},{"id":"Herkku_00000087","name":"Ateria-ainekset","slug":"kuivatuotteet-ja-leivonta-1/ateria-ainekset","__typename":"HierarchyPathItem"},{"id":"Herkku_00000007","name":"Kuivatuotteet ja leivonta","slug":"kuivatuotteet-ja-leivonta-1","__typename":"HierarchyPathItem"}],"isGlobalFallback":null,"countryName":{"fi":"Suomi","__typename":"CountryName"}},{"id":"6415715127715","ean":"6415715127715","name":"Rainbow 100g valkosuklaa leivontaan","price":1.25,"storeId":725782447,"__typename":"Product","approxPrice":false,"basicQuantityUnit":"KPL","comparisonPrice":12.5,"comparisonUnit":"KGM","consumerPackageSize":null,"consumerPackageUnit":null,"priceUnit":"KPL","quantityMultiplier":1,"brandName":"Rainbow","slug":"rainbow-100g-valkosuklaa-leivontaan","isAgeLimitedByAlcohol":false,"frozen":false,"packagingLabels":[],"packagingLabelCodes":[],"hierarchyPath":[{"id":"Herkku_00000403","name":"Kuorrutteet&täytteet","slug":"kuivatuotteet-ja-leivonta-1/leivontatarvikkeet/kuorrutteetandtaytteet","__typename":"HierarchyPathItem"},{"id":"Herkku_00000072","name":"Leivontatarvikkeet","slug":"kuivatuotteet-ja-leivonta-1/leivontatarvikkeet","__typename":"HierarchyPathItem"},{"id":"Herkku_00000007","name":"Kuivatuotteet ja leivonta","slug":"kuivatuotteet-ja-leivonta-1","__typename":"HierarchyPathItem"}],"isGlobalFallback":null,"countryName":{"fi":"Ranska","__typename":"CountryName"}},{"id":"6415715128811","ean":"6415715128811","name":"Rainbow 200g tumma leivontasuklaa","price":1.95,"storeId":725782447,"__typename":"Product","approxPrice":false,"basicQuantityUnit":"KPL","comparisonPrice":9.75,"comparisonUnit":"KGM","consumerPackageSize":null,"consumerPackageUnit":null,"priceUnit":"KPL","quantityMultiplier":1,"brandName":"Rainbow","slug":"rainbow-200g-tumma-leivontasuklaa","isAgeLimitedByAlcohol":false,"frozen":false,"packagingLabels":[],"packagingLabelCodes":[],"hierarchyPath":[{"id":"Herkku_00000403","name":"Kuorrutteet&täytteet","slug":"kuivatuotteet-ja-leivonta-1/leivontatarvikkeet/kuorrutteetandtaytteet","__typename":"HierarchyPathItem"},{"id":"Herkku_00000072","name":"Leivontatarvikkeet","slug":"kuivatuotteet-ja-leivonta-1/leivontatarvikkeet","__typename":"HierarchyPathItem"},{"id":"Herkku_00000007","name":"Kuivatuotteet ja leivonta","slug":"kuivatuotteet-ja-leivonta-1","__typename":"HierarchyPathItem"}],"isGlobalFallback":null,"countryName":{"fi":"Ranska","__typename":"CountryName"}},{"id":"6415715155879","ean":"6415715155879","name":"Rainbow 370g täysjyvävehnätortilla 6kpl","price":1.89,"storeId":725782447,"__typename":"Product","approxPrice":false,"basicQuantityUnit":"KPL","comparisonPrice":5.11,"comparisonUnit":"KGM","consumerPackageSize":null,"consumerPackageUnit":null,"priceUnit":"KPL","quantityMultiplier":1,"brandName":"Rainbow","slug":"rainbow-370g-taysjyvavehnatortilla-6kpl","isAgeLimitedByAlcohol":false,"frozen":false,"packagingLabels":[],"packagingLabelCodes":[],"hierarchyPath":[{"id":"Herkku_00000464","name":"Kuoret, tortillat ja dinnerit","slug":"oljyt-mausteet-maustaminen-1/tex-mex/kuoret-tortillat-ja-dinnerit","__typename":"HierarchyPathItem"},{"id":"StructureGroup_198285814629","name":"Tex mex","slug":"oljyt-mausteet-maustaminen-1/tex-mex","__typename":"HierarchyPathItem"},{"id":"Herkku_00000011","name":"Öljyt, mausteet, maustaminen","slug":"oljyt-mausteet-maustaminen-1","__typename":"HierarchyPathItem"}],"isGlobalFallback":null,"countryName":{"fi":"Belgia","__typename":"CountryName"}},{"id":"6415715168251","ean":"6415715168251","name":"Rainbow 100g tumma leivontasuklaa 70%","price":1.45,"storeId":725782447,"__typename":"Product","approxPrice":false,"basicQuantityUnit":"KPL","comparisonPrice":14.5,"comparisonUnit":"KGM","consumerPackageSize":null,"consumerPackageUnit":null,"priceUnit":"KPL","quantityMultiplier":1,"brandName":"Rainbow","slug":"rainbow-100g-tumma-leivontasuklaa-70","isAgeLimitedByAlcohol":false,"frozen":false,"packagingLabels":[],"packagingLabelCodes":[],"hierarchyPath":[{"id":"Herkku_00000403","name":"Kuorrutteet&täytteet","slug":"kuivatuotteet-ja-leivonta-1/leivontatarvikkeet/kuorrutteetandtaytteet","__typename":"HierarchyPathItem"},{"id":"Herkku_00000072","name":"Leivontatarvikkeet","slug":"kuivatuotteet-ja-leivonta-1/leivontatarvikkeet","__typename":"HierarchyPathItem"},{"id":"Herkku_00000007","name":"Kuivatuotteet ja leivonta","slug":"kuivatuotteet-ja-leivonta-1","__typename":"HierarchyPathItem"}],"isGlobalFallback":null,"countryName":{"fi":"Ranska","__typename":"CountryName"}},{"id":"6415715188006","ean":"6415715188006","name":"Reilun kaupan ruusu 40 cm 10 kpl, värilajitelma","price":5.59,"storeId":725782447,"__typename":"Product","approxPrice":false,"basicQuantityUnit":"KPL","comparisonPrice":5.59,"comparisonUnit":"PCE","consumerPackageSize":null,"consumerPackageUnit":null,"priceUnit":"KPL","quantityMultiplier":1,"brandName":null,"slug":"reilun-kaupan-ruusu-40-cm-10-kpl-varilajitelma","isAgeLimitedByAlcohol":false,"frozen":false,"packagingLabels":[],"packagingLabelCodes":[],"hierarchyPath":[{"id":"1591691242307689","name":"Kukat","slug":"koti-ja-vapaa-aika/puutarha-ja-kukat/kukat","__typename":"HierarchyPathItem"},{"id":"1591691242307495","name":"Puutarha ja kukat","slug":"koti-ja-vapaa-aika/puutarha-ja-kukat","__typename":"HierarchyPathItem"},{"id":"Herkku_00000002","name":"Koti ja vapaa-aika","slug":"koti-ja-vapaa-aika","__typename":"HierarchyPathItem"}],"isGlobalFallback":null,"countryName":{"fi":"Etiopia","__typename":"CountryName"}},{"id":"6415715190009","ean":"6415715190009","name":"Kotimaista Vapaan kanan munia L6 408g","price":1.95,"storeId":725782447,"__typename":"Product","approxPrice":false,"basicQuantityUnit":"KPL","comparisonPrice":4.78,"comparisonUnit":"KGM","consumerPackageSize":null,"consumerPackageUnit":null,"priceUnit":"KPL","quantityMultiplier":1,"brandName":"Kotimaista","slug":"kotimaista-vapaan-kanan-munia-l6-408g","isAgeLimitedByAlcohol":false,"frozen":false,"packagingLabels":["Hyvää Suomesta (Sininen Joutsen)"],"packagingLabelCodes":["GOODS_FROM_FINLAND_BLUE_SWAN"],"hierarchyPath":[{"id":"Herkku_00000681","name":"Vapaan kanan munat","slug":"maito-munat-ja-rasvat-0/munat/vapaan-kanan-munat","__typename":"HierarchyPathItem"},{"id":"Herkku_00000121","name":"Munat","slug":"maito-munat-ja-rasvat-0/munat","__typename":"HierarchyPathItem"},{"id":"Herkku_00000006","name":"Maito, munat ja rasvat","slug":"maito-munat-ja-rasvat-0","__typename":"HierarchyPathItem"}],"isGlobalFallback":null,"countryName":{"fi":"Suomi","__typename":"CountryName"}},{"id":"6415715192102","ean":"6415715192102","name":"Raffini hiuslenkki musta 15 kpl","price":2.25,"storeId":725782447,"__typename":"Product","approxPrice":false,"basicQuantityUnit":"KPL","comparisonPrice":0.15,"comparisonUnit":"PCE","consumerPackageSize":null,"consumerPackageUnit":null,"priceUnit":"KPL","quantityMultiplier":1,"brandName":"Raffini","slug":"raffini-hiuslenkki-musta-15-kpl","isAgeLimitedByAlcohol":false,"frozen":false,"packagingLabels":[],"packagingLabelCodes":[],"hierarchyPath":[{"id":"1591691233415309","name":"Hiustarvikkeet","slug":"kosmetiikka-ja-hygienia/hiukset-ja-hiustenhoito/hiustarvikkeet","__typename":"HierarchyPathItem"},{"id":"1591691233415300","name":"Hiukset ja hiustenhoito","slug":"kosmetiikka-ja-hygienia/hiukset-ja-hiustenhoito","__typename":"HierarchyPathItem"},{"id":"1591691233334707","name":"Kosmetiikka ja hygienia","slug":"kosmetiikka-ja-hygienia","__typename":"HierarchyPathItem"}],"isGlobalFallback":null,"countryName":{"fi":"Kiina","__typename":"CountryName"}},{"id":"6415715192904","ean":"6415715192904","name":"Raffini hiuspinni musta 45mm 24kpl","price":1.9,"storeId":725782447,"__typename":"Product","approxPrice":false,"basicQuantityUnit":"KPL","comparisonPrice":0.08,"comparisonUnit":"PCE","consumerPackageSize":null,"consumerPackageUnit":null,"priceUnit":"KPL","quantityMultiplier":1,"brandName":"Raffini","slug":"raffini-hiuspinni-musta-45mm-24kpl","isAgeLimitedByAlcohol":false,"frozen":false,"packagingLabels":[],"packagingLabelCodes":[],"hierarchyPath":[{"id":"1591691233415309","name":"Hiustarvikkeet","slug":"kosmetiikka-ja-hygienia/hiukset-ja-hiustenhoito/hiustarvikkeet","__typename":"HierarchyPathItem"},{"id":"1591691233415300","name":"Hiukset ja hiustenhoito","slug":"kosmetiikka-ja-hygienia/hiukset-ja-hiustenhoito","__typename":"HierarchyPathItem"},{"id":"1591691233334707","name":"Kosmetiikka ja hygienia","slug":"kosmetiikka-ja-hygienia","__typename":"HierarchyPathItem"}],"isGlobalFallback":null,"countryName":{"fi":"Kiina","__typename":"CountryName"}},{"id":"6415715193208","ean":"6415715193208","name":"Raffini taskukampa","price":1.1,"storeId":725782447,"__typename":"Product","approxPrice":false,"basicQuantityUnit":"KPL","comparisonPrice":1.1,"comparisonUnit":"PCE","consumerPackageSize":null,"consumerPackageUnit":null,"priceUnit":"KPL","quantityMultiplier":1,"brandName":"Raffini","slug":"raffini-taskukampa","isAgeLimitedByAlcohol":false,"frozen":false,"packagingLabels":[],"packagingLabelCodes":[],"hierarchyPath":[{"id":"1591691233415309","name":"Hiustarvikkeet","slug":"kosmetiikka-ja-hygienia/hiukset-ja-hiustenhoito/hiustarvikkeet","__typename":"HierarchyPathItem"},{"id":"1591691233415300","name":"Hiukset ja hiustenhoito","slug":"kosmetiikka-ja-hygienia/hiukset-ja-hiustenhoito","__typename":"HierarchyPathItem"},{"id":"1591691233334707","name":"Kosmetiikka ja hygienia","slug":"kosmetiikka-ja-hygienia","__typename":"HierarchyPathItem"}],"isGlobalFallback":null,"countryName":{"fi":"Kiina","__typename":"CountryName"}},{"id":"6415715194205","ean":"6415715194205","name":"Raffini hiusharja","price":3.5,"storeId":725782447,"__typename":"Product","approxPrice":false,"basicQuantityUnit":"KPL","comparisonPrice":3.5,"comparisonUnit":"PCE","consumerPackageSize":null,"consumerPackageUnit":null,"priceUnit":"KPL","quantityMultiplier":1,"brandName":"Raffini","slug":"raffini-hiusharja","isAgeLimitedByAlcohol":false,"frozen":false,"packagingLabels":[],"packagingLabelCodes":[],"hierarchyPath":[{"id":"1591691233415309","name":"Hiustarvikkeet","slug":"kosmetiikka-ja-hygienia/hiukset-ja-hiustenhoito/hiustarvikkeet","__typename":"HierarchyPathItem"},{"id":"1591691233415300","name":"Hiukset ja hiustenhoito","slug":"kosmetiikka-ja-hygienia/hiukset-ja-hiustenhoito","__typename":"HierarchyPathItem"},{"id":"1591691233334707","name":"Kosmetiikka ja hygienia","slug":"kosmetiikka-ja-hygienia","__typename":"HierarchyPathItem"}],"isGlobalFallback":null,"countryName":{"fi":"Kiina","__typename":"CountryName"}},{"id":"6415715195301","ean":"6415715195301","name":"Raffini tunneliharja","price":3.5,"storeId":725782447,"__typename":"Product","approxPrice":false,"basicQuantityUnit":"KPL","comparisonPrice":3.5,"comparisonUnit":"PCE","consumerPackageSize":null,"consumerPackageUnit":null,"priceUnit":"KPL","quantityMultiplier":1,"brandName":"Raffini","slug":"raffini-tunneliharja","isAgeLimitedByAlcohol":false,"frozen":false,"packagingLabels":[],"packagingLabelCodes":[],"hierarchyPath":[{"id":"1591691233415309","name":"Hiustarvikkeet","slug":"kosmetiikka-ja-hygienia/hiukset-ja-hiustenhoito/hiustarvikkeet","__typename":"HierarchyPathItem"},{"id":"1591691233415300","name":"Hiukset ja hiustenhoito","slug":"kosmetiikka-ja-hygienia/hiukset-ja-hiustenhoito","__typename":"HierarchyPathItem"},{"id":"1591691233334707","name":"Kosmetiikka ja hygienia","slug":"kosmetiikka-ja-hygienia","__typename":"HierarchyPathItem"}],"isGlobalFallback":null,"countryName":{"fi":"Kiina","__typename":"CountryName"}},{"id":"6415715930339","ean":"6415715930339","name":"Kotimaista laktoositon kanelikorppu 400g","price":1.89,"storeId":725782447,"__typename":"Product","approxPrice":false,"basicQuantityUnit":"KPL","comparisonPrice":4.72,"comparisonUnit":"KGM","consumerPackageSize":null,"consumerPackageUnit":null,"priceUnit":"KPL","quantityMultiplier":1,"brandName":"Kotimaista","slug":"kotimaista-laktoositon-kanelikorppu-400g","isAgeLimitedByAlcohol":false,"frozen":false,"packagingLabels":["Hyvää Suomesta (Sininen Joutsen)"," Kierrätysmerkki"," Sydänmerkki"],"packagingLabelCodes":["FINNISH_HEART_SYMBOL"," GOODS_FROM_FINLAND_BLUE_SWAN"," RECYCLABLE_GENERAL_CLAIM"],"hierarchyPath":[{"id":"Herkku_00000446","name":"Korput","slug":"leivat-keksit-ja-leivonnaiset-1/korput-ja-rinkelit/korput","__typename":"HierarchyPathItem"},{"id":"Herkku_00000083","name":"Korput ja rinkelit","slug":"leivat-keksit-ja-leivonnaiset-1/korput-ja-rinkelit","__typename":"HierarchyPathItem"},{"id":"Herkku_00000008","name":"Leivät, keksit ja leivonnaiset","slug":"leivat-keksit-ja-leivonnaiset-1","__typename":"HierarchyPathItem"}],"isGlobalFallback":null,"countryName":{"fi":"Suomi","__typename":"CountryName"}},{"id":"6415715955295","ean":"6415715955295","name":"Rainbow puoliarkki talouspyyhe 3 rullaa","price":3.95,"storeId":725782447,"__typename":"Product","approxPrice":false,"basicQuantityUnit":"KPL","comparisonPrice":1.32,"comparisonUnit":"PCE","consumerPackageSize":null,"consumerPackageUnit":null,"priceUnit":"KPL","quantityMultiplier":1,"brandName":"Rainbow","slug":"rainbow-puoliarkki-talouspyyhe-3-rullaa","isAgeLimitedByAlcohol":false,"frozen":false,"packagingLabels":[],"packagingLabelCodes":[],"hierarchyPath":[{"id":"1591691234596264","name":"Talouspaperit","slug":"kodinhoito-ja-taloustarvikkeet/kodin-paperit/talouspaperit","__typename":"HierarchyPathItem"},{"id":"1591691234596259","name":"Kodin paperit","slug":"kodinhoito-ja-taloustarvikkeet/kodin-paperit","__typename":"HierarchyPathItem"},{"id":"1591691234596256","name":"Kodinhoito ja taloustarvikkeet","slug":"kodinhoito-ja-taloustarvikkeet","__typename":"HierarchyPathItem"}],"isGlobalFallback":null,"countryName":{"fi":"Suomi","__typename":"CountryName"}},{"id":"6415716795104","ean":"6415716795104","name":"Kestohevipussi 11g","price":0.79,"storeId":725782447,"__typename":"Product","approxPrice":false,"basicQuantityUnit":"KPL","comparisonPrice":0.79,"comparisonUnit":"PCE","consumerPackageSize":null,"consumerPackageUnit":null,"priceUnit":"KPL","quantityMultiplier":1,"brandName":null,"slug":"kestohevipussi-11g","isAgeLimitedByAlcohol":false,"frozen":false,"packagingLabels":[],"packagingLabelCodes":[],"hierarchyPath":[{"id":"1591691250222298","name":"Kassit","slug":"koti-ja-vapaa-aika/kassit/kassit","__typename":"HierarchyPathItem"},{"id":"Herkku_00000142","name":"Kassit","slug":"koti-ja-vapaa-aika/kassit","__typename":"HierarchyPathItem"},{"id":"Herkku_00000002","name":"Koti ja vapaa-aika","slug":"koti-ja-vapaa-aika","__typename":"HierarchyPathItem"}],"isGlobalFallback":null,"countryName":{"fi":"Kiina","__typename":"CountryName"}},{"id":"6415716818209","ean":"6415716818209","name":"Rainbow maustettu juustosnacks 275g","price":2.75,"storeId":725782447,"__typename":"Product","approxPrice":false,"basicQuantityUnit":"KPL","comparisonPrice":10,"comparisonUnit":"KGM","consumerPackageSize":null,"consumerPackageUnit":null,"priceUnit":"KPL","quantityMultiplier":1,"brandName":"Rainbow","slug":"rainbow-maustettu-juustosnacks-275g","isAgeLimitedByAlcohol":false,"frozen":false,"packagingLabels":[],"packagingLabelCodes":[],"hierarchyPath":[{"id":"Herkku_00000348","name":"Muotosnacksit","slug":"makeiset-ja-naposteltavat-1/sipsit-ja-muut-naposteltavat/muotosnacksit","__typename":"HierarchyPathItem"},{"id":"Herkku_00000062","name":"Sipsit ja muut naposteltavat","slug":"makeiset-ja-naposteltavat-1/sipsit-ja-muut-naposteltavat","__typename":"HierarchyPathItem"},{"id":"Herkku_00000009","name":"Makeiset ja naposteltavat","slug":"makeiset-ja-naposteltavat-1","__typename":"HierarchyPathItem"}],"isGlobalFallback":null,"countryName":{"fi":"Suomi","__typename":"CountryName"}},{"id":"6415716835152","ean":"6415716835152","name":"Rainbow 500g suolapähkinät","price":2.89,"storeId":725782447,"__typename":"Product","approxPrice":false,"basicQuantityUnit":"KPL","comparisonPrice":5.78,"comparisonUnit":"KGM","consumerPackageSize":null,"consumerPackageUnit":null,"priceUnit":"KPL","quantityMultiplier":1,"brandName":"Rainbow","slug":"rainbow-500g-suolapahkinat","isAgeLimitedByAlcohol":false,"frozen":false,"packagingLabels":[],"packagingLabelCodes":[],"hierarchyPath":[{"id":"Herkku_00000305","name":"Pähkinät","slug":"kuivatuotteet-ja-leivonta-1/siemenet-pahkinat-ja-kuivatut-hedelmat/pahkinat","__typename":"HierarchyPathItem"},{"id":"Herkku_00000050","name":"Siemenet, pähkinät ja kuivatut hedelmät","slug":"kuivatuotteet-ja-leivonta-1/siemenet-pahkinat-ja-kuivatut-hedelmat","__typename":"HierarchyPathItem"},{"id":"Herkku_00000007","name":"Kuivatuotteet ja leivonta","slug":"kuivatuotteet-ja-leivonta-1","__typename":"HierarchyPathItem"}],"isGlobalFallback":null,"countryName":{"fi":"Alankomaat","__typename":"CountryName"}},{"id":"6415717401509","ean":"6415717401509","name":"Rainbow 1kg puuroriisi","price":1.79,"storeId":725782447,"__typename":"Product","approxPrice":false,"basicQuantityUnit":"KPL","comparisonPrice":1.79,"comparisonUnit":"KGM","consumerPackageSize":null,"consumerPackageUnit":null,"priceUnit":"KPL","quantityMultiplier":1,"brandName":"Rainbow","slug":"rainbow-1kg-puuroriisi","isAgeLimitedByAlcohol":false,"frozen":false,"packagingLabels":[],"packagingLabelCodes":[],"hierarchyPath":[{"id":"Herkku_00000480","name":"Puuroriisit","slug":"kuivatuotteet-ja-leivonta-1/riisit-pastat-ja-nuudelit/puuroriisit","__typename":"HierarchyPathItem"},{"id":"Herkku_00000088","name":"Riisit, pastat ja nuudelit","slug":"kuivatuotteet-ja-leivonta-1/riisit-pastat-ja-nuudelit","__typename":"HierarchyPathItem"},{"id":"Herkku_00000007","name":"Kuivatuotteet ja leivonta","slug":"kuivatuotteet-ja-leivonta-1","__typename":"HierarchyPathItem"}],"isGlobalFallback":null,"countryName":{"fi":"Italia","__typename":"CountryName"}},{"id":"6415717408904","ean":"6415717408904","name":"Rainbow pitkäjyväinen täysjyväriisi 1 kg","price":3.3,"storeId":725782447,"__typename":"Product","approxPrice":false,"basicQuantityUnit":"KPL","comparisonPrice":3.3,"comparisonUnit":"KGM","consumerPackageSize":null,"consumerPackageUnit":null,"priceUnit":"KPL","quantityMultiplier":1,"brandName":"Rainbow","slug":"rainbow-pitkajyvainen-taysjyvariisi-1-kg","isAgeLimitedByAlcohol":false,"frozen":false,"packagingLabels":[],"packagingLabelCodes":[],"hierarchyPath":[{"id":"Herkku_00000481","name":"Tummat&täysjyväriisit","slug":"kuivatuotteet-ja-leivonta-1/riisit-pastat-ja-nuudelit/tummatandtaysjyvariisit","__typename":"HierarchyPathItem"},{"id":"Herkku_00000088","name":"Riisit, pastat ja nuudelit","slug":"kuivatuotteet-ja-leivonta-1/riisit-pastat-ja-nuudelit","__typename":"HierarchyPathItem"},{"id":"Herkku_00000007","name":"Kuivatuotteet ja leivonta","slug":"kuivatuotteet-ja-leivonta-1","__typename":"HierarchyPathItem"}],"isGlobalFallback":null,"countryName":{"fi":"Italia","__typename":"CountryName"}},{"id":"6415717409000","ean":"6415717409000","name":"Rainbow 1kg pitkäjyväinen riisi","price":2.7,"storeId":725782447,"__typename":"Product","approxPrice":false,"basicQuantityUnit":"KPL","comparisonPrice":2.7,"comparisonUnit":"KGM","consumerPackageSize":null,"consumerPackageUnit":null,"priceUnit":"KPL","quantityMultiplier":1,"brandName":"Rainbow","slug":"rainbow-1kg-pitkajyvainen-riisi","isAgeLimitedByAlcohol":false,"frozen":false,"packagingLabels":[],"packagingLabelCodes":[],"hierarchyPath":[{"id":"Herkku_00000477","name":"Pitkäjyväiset riisit","slug":"kuivatuotteet-ja-leivonta-1/riisit-pastat-ja-nuudelit/pitkajyvaiset-riisit","__typename":"HierarchyPathItem"},{"id":"Herkku_00000088","name":"Riisit, pastat ja nuudelit","slug":"kuivatuotteet-ja-leivonta-1/riisit-pastat-ja-nuudelit","__typename":"HierarchyPathItem"},{"id":"Herkku_00000007","name":"Kuivatuotteet ja leivonta","slug":"kuivatuotteet-ja-leivonta-1","__typename":"HierarchyPathItem"}],"isGlobalFallback":null,"countryName":{"fi":"Italia","__typename":"CountryName"}},{"id":"6415717803600","ean":"6415717803600","name":"Rainbow 500g Fettuccine munapasta","price":2.3,"storeId":725782447,"__typename":"Product","approxPrice":false,"basicQuantityUnit":"KPL","comparisonPrice":4.6,"comparisonUnit":"KGM","consumerPackageSize":null,"consumerPackageUnit":null,"priceUnit":"KPL","quantityMultiplier":1,"brandName":"Rainbow","slug":"rainbow-500g-fettuccine-munapasta","isAgeLimitedByAlcohol":false,"frozen":false,"packagingLabels":[],"packagingLabelCodes":[],"hierarchyPath":[{"id":"Herkku_00000495","name":"Nauhapastat","slug":"kuivatuotteet-ja-leivonta-1/riisit-pastat-ja-nuudelit/nauhapastat","__typename":"HierarchyPathItem"},{"id":"Herkku_00000088","name":"Riisit, pastat ja nuudelit","slug":"kuivatuotteet-ja-leivonta-1/riisit-pastat-ja-nuudelit","__typename":"HierarchyPathItem"},{"id":"Herkku_00000007","name":"Kuivatuotteet ja leivonta","slug":"kuivatuotteet-ja-leivonta-1","__typename":"HierarchyPathItem"}],"isGlobalFallback":null,"countryName":{"fi":"Italia","__typename":"CountryName"}},{"id":"6415718072043","ean":"6415718072043","name":"Rainbow omenatäysmehu 1l","price":1.3,"storeId":725782447,"__typename":"Product","approxPrice":false,"basicQuantityUnit":"KPL","comparisonPrice":1.3,"comparisonUnit":"LTR","consumerPackageSize":null,"consumerPackageUnit":null,"priceUnit":"KPL","quantityMultiplier":1,"brandName":"Rainbow","slug":"rainbow-omenataysmehu-1l","isAgeLimitedByAlcohol":false,"frozen":false,"packagingLabels":["FSC-sertifikaatti (Forest Stewardship Council)"],"packagingLabelCodes":["FOREST_STEWARDSHIP_COUNCIL_LABEL"],"hierarchyPath":[{"id":"Herkku_00000655","name":"Omenamehut","slug":"juomat-1/mehut/omenamehut","__typename":"HierarchyPathItem"},{"id":"Herkku_00000120","name":"Mehut","slug":"juomat-1/mehut","__typename":"HierarchyPathItem"},{"id":"Herkku_00000005","name":"Juomat","slug":"juomat-1","__typename":"HierarchyPathItem"}],"isGlobalFallback":null,"countryName":{"fi":"Suomi","__typename":"CountryName"}},{"id":"6415718072104","ean":"6415718072104","name":"Rainbow appelsiinitäysmehu 2dl","price":0.6,"storeId":725782447,"__typename":"Product","approxPrice":false,"basicQuantityUnit":"KPL","comparisonPrice":3,"comparisonUnit":"LTR","consumerPackageSize":null,"consumerPackageUnit":null,"priceUnit":"KPL","quantityMultiplier":1,"brandName":"Rainbow","slug":"rainbow-appelsiinitaysmehu-2dl","isAgeLimitedByAlcohol":false,"frozen":false,"packagingLabels":["FSC-sertifikaatti (Forest Stewardship Council)"],"packagingLabelCodes":["FOREST_STEWARDSHIP_COUNCIL_LABEL"],"hierarchyPath":[{"id":"Herkku_00000665","name":"Appelsiinimehut","slug":"juomat-1/mehut/appelsiinimehut","__typename":"HierarchyPathItem"},{"id":"Herkku_00000120","name":"Mehut","slug":"juomat-1/mehut","__typename":"HierarchyPathItem"},{"id":"Herkku_00000005","name":"Juomat","slug":"juomat-1","__typename":"HierarchyPathItem"}],"isGlobalFallback":null,"countryName":{"fi":"Suomi","__typename":"CountryName"}},{"id":"6415718072180","ean":"6415718072180","name":"Rainbow appelsiinitäysmehu 1l","price":1.55,"storeId":725782447,"__typename":"Product","approxPrice":false,"basicQuantityUnit":"KPL","comparisonPrice":1.55,"comparisonUnit":"LTR","consumerPackageSize":null,"consumerPackageUnit":null,"priceUnit":"KPL","quantityMultiplier":1,"brandName":"Rainbow","slug":"rainbow-appelsiinitaysmehu-1l","isAgeLimitedByAlcohol":false,"frozen":false,"packagingLabels":["FSC-sertifikaatti (Forest Stewardship Council)"],"packagingLabelCodes":["FOREST_STEWARDSHIP_COUNCIL_LABEL"],"hierarchyPath":[{"id":"Herkku_00000665","name":"Appelsiinimehut","slug":"juomat-1/mehut/appelsiinimehut","__typename":"HierarchyPathItem"},{"id":"Herkku_00000120","name":"Mehut","slug":"juomat-1/mehut","__typename":"HierarchyPathItem"},{"id":"Herkku_00000005","name":"Juomat","slug":"juomat-1","__typename":"HierarchyPathItem"}],"isGlobalFallback":null,"countryName":{"fi":"Suomi","__typename":"CountryName"}},{"id":"6415718404141","ean":"6415718404141","name":"Rainbow 400g puolukkahillo","price":2.59,"storeId":725782447,"__typename":"Product","approxPrice":false,"basicQuantityUnit":"KPL","comparisonPrice":6.48,"comparisonUnit":"KGM","consumerPackageSize":null,"consumerPackageUnit":null,"priceUnit":"KPL","quantityMultiplier":1,"brandName":"Rainbow","slug":"rainbow-400g-puolukkahillo","isAgeLimitedByAlcohol":false,"frozen":false,"packagingLabels":[],"packagingLabelCodes":[],"hierarchyPath":[{"id":"Herkku_00000354","name":"Hillot","slug":"kuivatuotteet-ja-leivonta-1/hillot-ja-marmeladit/hillot","__typename":"HierarchyPathItem"},{"id":"Herkku_00000064","name":"Hillot ja marmeladit","slug":"kuivatuotteet-ja-leivonta-1/hillot-ja-marmeladit","__typename":"HierarchyPathItem"},{"id":"Herkku_00000007","name":"Kuivatuotteet ja leivonta","slug":"kuivatuotteet-ja-leivonta-1","__typename":"HierarchyPathItem"}],"isGlobalFallback":null,"countryName":{"fi":"Ruotsi","__typename":"CountryName"}},{"id":"6415718660509","ean":"6415718660509","name":"Rainbow 250g kuivatut sekahedelmät","price":3.35,"storeId":725782447,"__typename":"Product","approxPrice":false,"basicQuantityUnit":"KPL","comparisonPrice":13.4,"comparisonUnit":"KGM","consumerPackageSize":null,"consumerPackageUnit":null,"priceUnit":"KPL","quantityMultiplier":1,"brandName":"Rainbow","slug":"rainbow-250g-kuivatut-sekahedelmat","isAgeLimitedByAlcohol":false,"frozen":false,"packagingLabels":[],"packagingLabelCodes":[],"hierarchyPath":[{"id":"Herkku_00000306","name":"Kuivatut hedelmät ja marjat","slug":"kuivatuotteet-ja-leivonta-1/siemenet-pahkinat-ja-kuivatut-hedelmat/kuivatut-hedelmat-ja-marjat","__typename":"HierarchyPathItem"},{"id":"Herkku_00000050","name":"Siemenet, pähkinät ja kuivatut hedelmät","slug":"kuivatuotteet-ja-leivonta-1/siemenet-pahkinat-ja-kuivatut-hedelmat","__typename":"HierarchyPathItem"},{"id":"Herkku_00000007","name":"Kuivatuotteet ja leivonta","slug":"kuivatuotteet-ja-leivonta-1","__typename":"HierarchyPathItem"}],"isGlobalFallback":null,"countryName":{"fi":"Alankomaat","__typename":"CountryName"}},{"id":"6415719135051","ean":"6415719135051","name":"Rainbow 3 x 80/56g tonnikalaa paloina öljyssä","price":2.65,"storeId":725782447,"__typename":"Product","approxPrice":false,"basicQuantityUnit":"KPL","comparisonPrice":15.77,"comparisonUnit":"KGM","consumerPackageSize":null,"consumerPackageUnit":null,"priceUnit":"KPL","quantityMultiplier":1,"brandName":"Rainbow","slug":"rainbow-3-x-8056g-tonnikalaa-paloina-oljyssa","isAgeLimitedByAlcohol":false,"frozen":false,"packagingLabels":[],"packagingLabelCodes":[],"hierarchyPath":[{"id":"Herkku_00000352","name":"Kala- ja äyriäissäilykkeet","slug":"kuivatuotteet-ja-leivonta-1/sailykkeet/kala-ja-ayriaissailykkeet","__typename":"HierarchyPathItem"},{"id":"Herkku_00000063","name":"Säilykkeet","slug":"kuivatuotteet-ja-leivonta-1/sailykkeet","__typename":"HierarchyPathItem"},{"id":"Herkku_00000007","name":"Kuivatuotteet ja leivonta","slug":"kuivatuotteet-ja-leivonta-1","__typename":"HierarchyPathItem"}],"isGlobalFallback":null,"countryName":{"fi":"Espanja","__typename":"CountryName"}},{"id":"6415719135327","ean":"6415719135327","name":"Rainbow 185/90g tonnikalaa chilillä","price":1.99,"storeId":725782447,"__typename":"Product","approxPrice":false,"basicQuantityUnit":"KPL","comparisonPrice":10.76,"comparisonUnit":"KGM","consumerPackageSize":null,"consumerPackageUnit":null,"priceUnit":"KPL","quantityMultiplier":1,"brandName":"Rainbow","slug":"rainbow-18590g-tonnikalaa-chililla","isAgeLimitedByAlcohol":false,"frozen":false,"packagingLabels":[],"packagingLabelCodes":[],"hierarchyPath":[{"id":"Herkku_00000352","name":"Kala- ja äyriäissäilykkeet","slug":"kuivatuotteet-ja-leivonta-1/sailykkeet/kala-ja-ayriaissailykkeet","__typename":"HierarchyPathItem"},{"id":"Herkku_00000063","name":"Säilykkeet","slug":"kuivatuotteet-ja-leivonta-1/sailykkeet","__typename":"HierarchyPathItem"},{"id":"Herkku_00000007","name":"Kuivatuotteet ja leivonta","slug":"kuivatuotteet-ja-leivonta-1","__typename":"HierarchyPathItem"}],"isGlobalFallback":null,"countryName":{"fi":"Vietnam","__typename":"CountryName"}},{"id":"6415719371954","ean":"6415719371954","name":"Rainbow 227/140g ananaspalat mehussa","price":1.09,"storeId":725782447,"__typename":"Product","approxPrice":false,"basicQuantityUnit":"KPL","comparisonPrice":7.96,"comparisonUnit":"KGM","consumerPackageSize":null,"consumerPackageUnit":null,"priceUnit":"KPL","quantityMultiplier":1,"brandName":"Rainbow","slug":"rainbow-227140g-ananaspalat-mehussa","isAgeLimitedByAlcohol":false,"frozen":false,"packagingLabels":[],"packagingLabelCodes":[],"hierarchyPath":[{"id":"Herkku_00000353","name":"Hedelmäsäilykkeet","slug":"kuivatuotteet-ja-leivonta-1/sailykkeet/hedelmasailykkeet","__typename":"HierarchyPathItem"},{"id":"Herkku_00000063","name":"Säilykkeet","slug":"kuivatuotteet-ja-leivonta-1/sailykkeet","__typename":"HierarchyPathItem"},{"id":"Herkku_00000007","name":"Kuivatuotteet ja leivonta","slug":"kuivatuotteet-ja-leivonta-1","__typename":"HierarchyPathItem"}],"isGlobalFallback":null,"countryName":{"fi":"Indonesia","__typename":"CountryName"}},{"id":"6415719400708","ean":"6415719400708","name":"Rainbow 400/280g herneet suolaliemessä","price":0.95,"storeId":725782447,"__typename":"Product","approxPrice":false,"basicQuantityUnit":"KPL","comparisonPrice":3.39,"comparisonUnit":"KGM","consumerPackageSize":null,"consumerPackageUnit":null,"priceUnit":"KPL","quantityMultiplier":1,"brandName":"Rainbow","slug":"rainbow-400280g-herneet-suolaliemessa","isAgeLimitedByAlcohol":false,"frozen":false,"packagingLabels":[],"packagingLabelCodes":[],"hierarchyPath":[{"id":"Herkku_00000357","name":"Kasvissäilykkeet","slug":"kuivatuotteet-ja-leivonta-1/sailykkeet/kasvissailykkeet","__typename":"HierarchyPathItem"},{"id":"Herkku_00000063","name":"Säilykkeet","slug":"kuivatuotteet-ja-leivonta-1/sailykkeet","__typename":"HierarchyPathItem"},{"id":"Herkku_00000007","name":"Kuivatuotteet ja leivonta","slug":"kuivatuotteet-ja-leivonta-1","__typename":"HierarchyPathItem"}],"isGlobalFallback":null,"countryName":{"fi":"Belgia","__typename":"CountryName"}},{"id":"6415719429914","ean":"6415719429914","name":"Rainbow herkkusienet viipaleina suolaliemessä 390g/230g","price":1.75,"storeId":725782447,"__typename":"Product","approxPrice":false,"basicQuantityUnit":"KPL","comparisonPrice":7.61,"comparisonUnit":"KGM","consumerPackageSize":null,"consumerPackageUnit":null,"priceUnit":"KPL","quantityMultiplier":1,"brandName":"Rainbow","slug":"rainbow-herkkusienet-viipaleina-suolaliemessa-390g230g","isAgeLimitedByAlcohol":false,"frozen":false,"packagingLabels":[],"packagingLabelCodes":[],"hierarchyPath":[{"id":"Herkku_00000357","name":"Kasvissäilykkeet","slug":"kuivatuotteet-ja-leivonta-1/sailykkeet/kasvissailykkeet","__typename":"HierarchyPathItem"},{"id":"Herkku_00000063","name":"Säilykkeet","slug":"kuivatuotteet-ja-leivonta-1/sailykkeet","__typename":"HierarchyPathItem"},{"id":"Herkku_00000007","name":"Kuivatuotteet ja leivonta","slug":"kuivatuotteet-ja-leivonta-1","__typename":"HierarchyPathItem"}],"isGlobalFallback":null,"countryName":{"fi":"Puola","__typename":"CountryName"}},{"id":"6415719453087","ean":"6415719453087","name":"Kotimaista 360 g Kurkkusalaatti","price":2.09,"storeId":725782447,"__typename":"Product","approxPrice":false,"basicQuantityUnit":"KPL","comparisonPrice":5.81,"comparisonUnit":"KGM","consumerPackageSize":null,"consumerPackageUnit":null,"priceUnit":"KPL","quantityMultiplier":1,"brandName":"Kotimaista","slug":"kotimaista-360-g-kurkkusalaatti","isAgeLimitedByAlcohol":false,"frozen":false,"packagingLabels":["Hyvää Suomesta (Sininen Joutsen)"],"packagingLabelCodes":["GOODS_FROM_FINLAND_BLUE_SWAN"],"hierarchyPath":[{"id":"Herkku_00000357","name":"Kasvissäilykkeet","slug":"kuivatuotteet-ja-leivonta-1/sailykkeet/kasvissailykkeet","__typename":"HierarchyPathItem"},{"id":"Herkku_00000063","name":"Säilykkeet","slug":"kuivatuotteet-ja-leivonta-1/sailykkeet","__typename":"HierarchyPathItem"},{"id":"Herkku_00000007","name":"Kuivatuotteet ja leivonta","slug":"kuivatuotteet-ja-leivonta-1","__typename":"HierarchyPathItem"}],"isGlobalFallback":null,"countryName":{"fi":"Suomi","__typename":"CountryName"}},{"id":"6415719453094","ean":"6415719453094","name":"Kotimaista kurkkuviipaleet  mausteliemessä 680/350g","price":1.89,"storeId":725782447,"__typename":"Product","approxPrice":false,"basicQuantityUnit":"KPL","comparisonPrice":5.4,"comparisonUnit":"KGM","consumerPackageSize":null,"consumerPackageUnit":null,"priceUnit":"KPL","quantityMultiplier":1,"brandName":"Kotimaista","slug":"kotimaista-kurkkuviipaleet-mausteliemessa-680350g","isAgeLimitedByAlcohol":false,"frozen":false,"packagingLabels":["Hyvää Suomesta (Sininen Joutsen)"],"packagingLabelCodes":["GOODS_FROM_FINLAND_BLUE_SWAN"],"hierarchyPath":[{"id":"Herkku_00000357","name":"Kasvissäilykkeet","slug":"kuivatuotteet-ja-leivonta-1/sailykkeet/kasvissailykkeet","__typename":"HierarchyPathItem"},{"id":"Herkku_00000063","name":"Säilykkeet","slug":"kuivatuotteet-ja-leivonta-1/sailykkeet","__typename":"HierarchyPathItem"},{"id":"Herkku_00000007","name":"Kuivatuotteet ja leivonta","slug":"kuivatuotteet-ja-leivonta-1","__typename":"HierarchyPathItem"}],"isGlobalFallback":null,"countryName":{"fi":"Suomi","__typename":"CountryName"}},{"id":"6415719496602","ean":"6415719496602","name":"Rainbow 200g tomaattisose","price":1.29,"storeId":725782447,"__typename":"Product","approxPrice":false,"basicQuantityUnit":"KPL","comparisonPrice":6.45,"comparisonUnit":"KGM","consumerPackageSize":null,"consumerPackageUnit":null,"priceUnit":"KPL","quantityMultiplier":1,"brandName":"Rainbow","slug":"rainbow-200g-tomaattisose","isAgeLimitedByAlcohol":false,"frozen":false,"packagingLabels":[],"packagingLabelCodes":[],"hierarchyPath":[{"id":"Herkku_00000357","name":"Kasvissäilykkeet","slug":"kuivatuotteet-ja-leivonta-1/sailykkeet/kasvissailykkeet","__typename":"HierarchyPathItem"},{"id":"Herkku_00000063","name":"Säilykkeet","slug":"kuivatuotteet-ja-leivonta-1/sailykkeet","__typename":"HierarchyPathItem"},{"id":"Herkku_00000007","name":"Kuivatuotteet ja leivonta","slug":"kuivatuotteet-ja-leivonta-1","__typename":"HierarchyPathItem"}],"isGlobalFallback":null,"countryName":{"fi":"Italia","__typename":"CountryName"}},{"id":"6415802585039","ean":"6415802585039","name":"Nurmon vaihtoharjat Soft 4 kpl","price":11.95,"storeId":725782447,"__typename":"Product","approxPrice":false,"basicQuantityUnit":"KPL","comparisonPrice":2.99,"comparisonUnit":"PCE","consumerPackageSize":null,"consumerPackageUnit":null,"priceUnit":"KPL","quantityMultiplier":1,"brandName":"Nurmon","slug":"nurmon-vaihtoharjat-soft-4-kpl","isAgeLimitedByAlcohol":false,"frozen":false,"packagingLabels":[],"packagingLabelCodes":[],"hierarchyPath":[{"id":"1591691233571226","name":"Hammasharjat","slug":"kosmetiikka-ja-hygienia/suunhoito/hammasharjat","__typename":"HierarchyPathItem"},{"id":"1591691233571225","name":"Suunhoito","slug":"kosmetiikka-ja-hygienia/suunhoito","__typename":"HierarchyPathItem"},{"id":"1591691233334707","name":"Kosmetiikka ja hygienia","slug":"kosmetiikka-ja-hygienia","__typename":"HierarchyPathItem"}],"isGlobalFallback":null,"countryName":{"fi":"Suomi","__typename":"CountryName"}},{"id":"6416025125408","ean":"6416025125408","name":"Wicked Burrito","price":5.99,"storeId":725782447,"__typename":"Product","approxPrice":false,"basicQuantityUnit":"KPL","comparisonPrice":22.19,"comparisonUnit":"PCE","consumerPackageSize":null,"consumerPackageUnit":null,"priceUnit":"KPL","quantityMultiplier":1,"brandName":"Wicked Kitchen","slug":"wicked-burrito","isAgeLimitedByAlcohol":false,"frozen":false,"packagingLabels":[],"packagingLabelCodes":[],"hierarchyPath":[{"id":"1591691237218566","name":"Leivät, paninit ja wrapit","slug":"valmisruoka-1/valmisateriat-ja-keitot/leivat-paninit-ja-wrapit","__typename":"HierarchyPathItem"},{"id":"1591691237074396","name":"Valmisateriat ja -keitot","slug":"valmisruoka-1/valmisateriat-ja-keitot","__typename":"HierarchyPathItem"},{"id":"StructureGroup_1356670909914497","name":"Valmisruoka","slug":"valmisruoka-1","__typename":"HierarchyPathItem"}],"isGlobalFallback":null,"countryName":{"fi":"Suomi","__typename":"CountryName"}},{"id":"6416036109909","ean":"6416036109909","name":"Magneettinen kirjanmerkki","price":2.95,"storeId":725782447,"__typename":"Product","approxPrice":false,"basicQuantityUnit":"KPL","comparisonPrice":2.95,"comparisonUnit":"PCE","consumerPackageSize":null,"consumerPackageUnit":null,"priceUnit":"KPL","quantityMultiplier":1,"brandName":"Karto","slug":"magneettinen-kirjanmerkki","isAgeLimitedByAlcohol":false,"frozen":false,"packagingLabels":[],"packagingLabelCodes":[],"hierarchyPath":[{"id":"1591691234747433","name":"Muut toimistotarvikkeet","slug":"koti-ja-vapaa-aika/paperi-ja-toimistotarvikkeet/muut-toimistotarvikkeet","__typename":"HierarchyPathItem"},{"id":"1591691234747419","name":"Paperi- ja toimistotarvikkeet","slug":"koti-ja-vapaa-aika/paperi-ja-toimistotarvikkeet","__typename":"HierarchyPathItem"},{"id":"Herkku_00000002","name":"Koti ja vapaa-aika","slug":"koti-ja-vapaa-aika","__typename":"HierarchyPathItem"}],"isGlobalFallback":null,"countryName":{"fi":"Suomi","__typename":"CountryName"}},{"id":"6416036109916","ean":"6416036109916","name":"Magneettinen muistilehtiö","price":6.9,"storeId":725782447,"__typename":"Product","approxPrice":false,"basicQuantityUnit":"KPL","comparisonPrice":6.9,"comparisonUnit":"PCE","consumerPackageSize":null,"consumerPackageUnit":null,"priceUnit":"KPL","quantityMultiplier":1,"brandName":"Karto","slug":"magneettinen-muistilehtio","isAgeLimitedByAlcohol":false,"frozen":false,"packagingLabels":[],"packagingLabelCodes":[],"hierarchyPath":[{"id":"1591691234747433","name":"Muut toimistotarvikkeet","slug":"koti-ja-vapaa-aika/paperi-ja-toimistotarvikkeet/muut-toimistotarvikkeet","__typename":"HierarchyPathItem"},{"id":"1591691234747419","name":"Paperi- ja toimistotarvikkeet","slug":"koti-ja-vapaa-aika/paperi-ja-toimistotarvikkeet","__typename":"HierarchyPathItem"},{"id":"Herkku_00000002","name":"Koti ja vapaa-aika","slug":"koti-ja-vapaa-aika","__typename":"HierarchyPathItem"}],"isGlobalFallback":null,"countryName":{"fi":"Suomi","__typename":"CountryName"}},{"id":"6416036215068","ean":"6416036215068","name":"Magneetti 7x7 cm","price":2.95,"storeId":725782447,"__typename":"Product","approxPrice":false,"basicQuantityUnit":"KPL","comparisonPrice":2.95,"comparisonUnit":"PCE","consumerPackageSize":null,"consumerPackageUnit":null,"priceUnit":"KPL","quantityMultiplier":1,"brandName":"Karto","slug":"magneetti-7x7-cm","isAgeLimitedByAlcohol":false,"frozen":false,"packagingLabels":[],"packagingLabelCodes":[],"hierarchyPath":[{"id":"1591691234747433","name":"Muut toimistotarvikkeet","slug":"koti-ja-vapaa-aika/paperi-ja-toimistotarvikkeet/muut-toimistotarvikkeet","__typename":"HierarchyPathItem"},{"id":"1591691234747419","name":"Paperi- ja toimistotarvikkeet","slug":"koti-ja-vapaa-aika/paperi-ja-toimistotarvikkeet","__typename":"HierarchyPathItem"},{"id":"Herkku_00000002","name":"Koti ja vapaa-aika","slug":"koti-ja-vapaa-aika","__typename":"HierarchyPathItem"}],"isGlobalFallback":null,"countryName":{"fi":"Suomi","__typename":"CountryName"}},{"id":"6416036216454","ean":"6416036216454","name":"Marimekko 25cm syksylajitelma","price":2.59,"storeId":725782447,"__typename":"Product","approxPrice":false,"basicQuantityUnit":"KPL","comparisonPrice":0.13,"comparisonUnit":"PCE","consumerPackageSize":null,"consumerPackageUnit":null,"priceUnit":"KPL","quantityMultiplier":1,"brandName":"Marimekko","slug":"marimekko-25cm-syksylajitelma","isAgeLimitedByAlcohol":false,"frozen":false,"packagingLabels":[],"packagingLabelCodes":[],"hierarchyPath":[{"id":"1591691234089639","name":"Lautasliinat ja servetit","slug":"keittio-ja-kattaus/kattaustarvikkeet/lautasliinat-ja-servetit","__typename":"HierarchyPathItem"},{"id":"1591691234089638","name":"Kattaustarvikkeet","slug":"keittio-ja-kattaus/kattaustarvikkeet","__typename":"HierarchyPathItem"},{"id":"1591691234054950","name":"Keittiö ja kattaus","slug":"keittio-ja-kattaus","__typename":"HierarchyPathItem"}],"isGlobalFallback":null,"countryName":{"fi":"Saksa","__typename":"CountryName"}},{"id":"6416036225357","ean":"6416036225357","name":"Avaimenperä 1","price":3.95,"storeId":725782447,"__typename":"Product","approxPrice":false,"basicQuantityUnit":"KPL","comparisonPrice":3.95,"comparisonUnit":"PCE","consumerPackageSize":null,"consumerPackageUnit":null,"priceUnit":"KPL","quantityMultiplier":1,"brandName":"Karto","slug":"avaimenpera-1","isAgeLimitedByAlcohol":false,"frozen":false,"packagingLabels":[],"packagingLabelCodes":[],"hierarchyPath":[{"id":"1591691234747433","name":"Muut toimistotarvikkeet","slug":"koti-ja-vapaa-aika/paperi-ja-toimistotarvikkeet/muut-toimistotarvikkeet","__typename":"HierarchyPathItem"},{"id":"1591691234747419","name":"Paperi- ja toimistotarvikkeet","slug":"koti-ja-vapaa-aika/paperi-ja-toimistotarvikkeet","__typename":"HierarchyPathItem"},{"id":"Herkku_00000002","name":"Koti ja vapaa-aika","slug":"koti-ja-vapaa-aika","__typename":"HierarchyPathItem"}],"isGlobalFallback":null,"countryName":{"fi":"Kiina","__typename":"CountryName"}},{"id":"6416036225364","ean":"6416036225364","name":"Avaimenperä 2","price":4.95,"storeId":725782447,"__typename":"Product","approxPrice":false,"basicQuantityUnit":"KPL","comparisonPrice":4.95,"comparisonUnit":"PCE","consumerPackageSize":null,"consumerPackageUnit":null,"priceUnit":"KPL","quantityMultiplier":1,"brandName":"Karto","slug":"avaimenpera-2","isAgeLimitedByAlcohol":false,"frozen":false,"packagingLabels":[],"packagingLabelCodes":[],"hierarchyPath":[{"id":"1591691234747433","name":"Muut toimistotarvikkeet","slug":"koti-ja-vapaa-aika/paperi-ja-toimistotarvikkeet/muut-toimistotarvikkeet","__typename":"HierarchyPathItem"},{"id":"1591691234747419","name":"Paperi- ja toimistotarvikkeet","slug":"koti-ja-vapaa-aika/paperi-ja-toimistotarvikkeet","__typename":"HierarchyPathItem"},{"id":"Herkku_00000002","name":"Koti ja vapaa-aika","slug":"koti-ja-vapaa-aika","__typename":"HierarchyPathItem"}],"isGlobalFallback":null,"countryName":{"fi":"Kiina","__typename":"CountryName"}},{"id":"6416036225463","ean":"6416036225463","name":"Karto boutique avaimenperä, lajitelma","price":6.95,"storeId":725782447,"__typename":"Product","approxPrice":false,"basicQuantityUnit":"KPL","comparisonPrice":6.95,"comparisonUnit":"PCE","consumerPackageSize":null,"consumerPackageUnit":null,"priceUnit":"KPL","quantityMultiplier":1,"brandName":"Karto","slug":"karto-boutique-avaimenpera-lajitelma","isAgeLimitedByAlcohol":false,"frozen":false,"packagingLabels":[],"packagingLabelCodes":[],"hierarchyPath":[{"id":"1591691234747433","name":"Muut toimistotarvikkeet","slug":"koti-ja-vapaa-aika/paperi-ja-toimistotarvikkeet/muut-toimistotarvikkeet","__typename":"HierarchyPathItem"},{"id":"1591691234747419","name":"Paperi- ja toimistotarvikkeet","slug":"koti-ja-vapaa-aika/paperi-ja-toimistotarvikkeet","__typename":"HierarchyPathItem"},{"id":"Herkku_00000002","name":"Koti ja vapaa-aika","slug":"koti-ja-vapaa-aika","__typename":"HierarchyPathItem"}],"isGlobalFallback":null,"countryName":{"fi":"Kiina","__typename":"CountryName"}},{"id":"6416048000096","ean":"6416048000096","name":"Mesimestarin hunaja 500g lohkeava","price":5.99,"storeId":725782447,"__typename":"Product","approxPrice":false,"basicQuantityUnit":"KPL","comparisonPrice":11.98,"comparisonUnit":"KGM","consumerPackageSize":null,"consumerPackageUnit":null,"priceUnit":"KPL","quantityMultiplier":1,"brandName":"Mesimestari","slug":"mesimestarin-hunaja-500g-lohkeava","isAgeLimitedByAlcohol":false,"frozen":false,"packagingLabels":[],"packagingLabelCodes":[],"hierarchyPath":[{"id":"Herkku_00000448","name":"Hunajat","slug":"kuivatuotteet-ja-leivonta-1/sokerit-makeutusaineet-ja-hunaja/hunajat","__typename":"HierarchyPathItem"},{"id":"Herkku_00000084","name":"Sokerit, makeutusaineet ja hunaja","slug":"kuivatuotteet-ja-leivonta-1/sokerit-makeutusaineet-ja-hunaja","__typename":"HierarchyPathItem"},{"id":"Herkku_00000007","name":"Kuivatuotteet ja leivonta","slug":"kuivatuotteet-ja-leivonta-1","__typename":"HierarchyPathItem"}],"isGlobalFallback":null,"countryName":{"fi":"Suomi","__typename":"CountryName"}},{"id":"6416048000188","ean":"6416048000188","name":"Mesimestari pehmeä hunaja 350g tölkki","price":4.49,"storeId":725782447,"__typename":"Product","approxPrice":false,"basicQuantityUnit":"KPL","comparisonPrice":12.83,"comparisonUnit":"KGM","consumerPackageSize":null,"consumerPackageUnit":null,"priceUnit":"KPL","quantityMultiplier":1,"brandName":"Mesimestari","slug":"mesimestari-pehmea-hunaja-350g-tolkki","isAgeLimitedByAlcohol":false,"frozen":false,"packagingLabels":["Hyvää Suomesta (Sininen Joutsen)"],"packagingLabelCodes":["GOODS_FROM_FINLAND_BLUE_SWAN"],"hierarchyPath":[{"id":"Herkku_00000448","name":"Hunajat","slug":"kuivatuotteet-ja-leivonta-1/sokerit-makeutusaineet-ja-hunaja/hunajat","__typename":"HierarchyPathItem"},{"id":"Herkku_00000084","name":"Sokerit, makeutusaineet ja hunaja","slug":"kuivatuotteet-ja-leivonta-1/sokerit-makeutusaineet-ja-hunaja","__typename":"HierarchyPathItem"},{"id":"Herkku_00000007","name":"Kuivatuotteet ja leivonta","slug":"kuivatuotteet-ja-leivonta-1","__typename":"HierarchyPathItem"}],"isGlobalFallback":null,"countryName":{"fi":"Suomi","__typename":"CountryName"}},{"id":"6416061006051","ean":"6416061006051","name":"Plastex kylmävaraaja 300g","price":1.5,"storeId":725782447,"__typename":"Product","approxPrice":false,"basicQuantityUnit":"KPL","comparisonPrice":1.5,"comparisonUnit":"PCE","consumerPackageSize":null,"consumerPackageUnit":null,"priceUnit":"KPL","quantityMultiplier":1,"brandName":"Plastex","slug":"plastex-kylmavaraaja-300g","isAgeLimitedByAlcohol":false,"frozen":false,"packagingLabels":[],"packagingLabelCodes":[],"hierarchyPath":[{"id":"1591691251805472","name":"Kylmävaraajat","slug":"koti-ja-vapaa-aika/marjastus-ja-sailonta/kylmavaraajat","__typename":"HierarchyPathItem"},{"id":"1591691251860838","name":"Marjastus ja säilöntä","slug":"koti-ja-vapaa-aika/marjastus-ja-sailonta","__typename":"HierarchyPathItem"},{"id":"Herkku_00000002","name":"Koti ja vapaa-aika","slug":"koti-ja-vapaa-aika","__typename":"HierarchyPathItem"}],"isGlobalFallback":null,"countryName":{"fi":"Suomi","__typename":"CountryName"}},{"id":"6416075931073","ean":"6416075931073","name":"Närpiön Vihannes 200g Punainen helmitomaatti","price":4.78,"storeId":725782447,"__typename":"Product","approxPrice":false,"basicQuantityUnit":"KPL","comparisonPrice":23.9,"comparisonUnit":"KGM","consumerPackageSize":null,"consumerPackageUnit":null,"priceUnit":"KPL","quantityMultiplier":1,"brandName":"Närpiön Vihannes","slug":"narpion-vihannes-200g-punainen-helmitomaatti","isAgeLimitedByAlcohol":false,"frozen":false,"packagingLabels":[],"packagingLabelCodes":[],"hierarchyPath":[{"id":"Herkku_00000203","name":"Tomaatit","slug":"hedelmat-ja-vihannekset-1/vihannekset/tomaatit","__typename":"HierarchyPathItem"},{"id":"Herkku_00000023","name":"Vihannekset","slug":"hedelmat-ja-vihannekset-1/vihannekset","__typename":"HierarchyPathItem"},{"id":"Herkku_00000001","name":"Hedelmät ja vihannekset","slug":"hedelmat-ja-vihannekset-1","__typename":"HierarchyPathItem"}],"isGlobalFallback":null,"countryName":{"fi":"Suomi","__typename":"CountryName"}},{"id":"6416192085086","ean":"6416192085086","name":"Porokylän Pizzataikina 2 kpl / 400 g gluteeniton","price":2.65,"storeId":725782447,"__typename":"Product","approxPrice":false,"basicQuantityUnit":"KPL","comparisonPrice":6.62,"comparisonUnit":"KGM","consumerPackageSize":null,"consumerPackageUnit":null,"priceUnit":"KPL","quantityMultiplier":1,"brandName":"Porokylän Leipomo","slug":"porokylan-pizzataikina-2-kpl-400-g-gluteeniton","isAgeLimitedByAlcohol":false,"frozen":true,"packagingLabels":["Avainlippu"," Gluteeniton elintarvike (yliviivattu tähkä)"],"packagingLabelCodes":["CROSSED_GRAIN_SYMBOL"," MADE_IN_FINLAND_FLAG_WITH_KEY"],"hierarchyPath":[{"id":"1591691225974003","name":"Taikinat","slug":"pakasteet-1/leivonnais-ja-leipapakasteet/taikinat","__typename":"HierarchyPathItem"},{"id":"Herkku_00000125","name":"Leivonnais- ja leipäpakasteet","slug":"pakasteet-1/leivonnais-ja-leipapakasteet","__typename":"HierarchyPathItem"},{"id":"Herkku_00000013","name":"Pakasteet","slug":"pakasteet-1","__typename":"HierarchyPathItem"}],"isGlobalFallback":null,"countryName":{"fi":"Suomi","__typename":"CountryName"}},{"id":"6416211005101","ean":"6416211005101","name":"Pirjon Pakari 380g kauraleipä","price":2.55,"storeId":725782447,"__typename":"Product","approxPrice":false,"basicQuantityUnit":"KPL","comparisonPrice":6.71,"comparisonUnit":"KGM","consumerPackageSize":null,"consumerPackageUnit":null,"priceUnit":"KPL","quantityMultiplier":1,"brandName":"Pirjon Pakari","slug":"pirjon-pakari-380g-kauraleipa","isAgeLimitedByAlcohol":false,"frozen":false,"packagingLabels":[],"packagingLabelCodes":[],"hierarchyPath":[{"id":"1591691250986231","name":"Sekaleivät","slug":"leivat-keksit-ja-leivonnaiset-1/leivat/sekaleivat","__typename":"HierarchyPathItem"},{"id":"StructureGroup_1796559627347513","name":"Leivät","slug":"leivat-keksit-ja-leivonnaiset-1/leivat","__typename":"HierarchyPathItem"},{"id":"Herkku_00000008","name":"Leivät, keksit ja leivonnaiset","slug":"leivat-keksit-ja-leivonnaiset-1","__typename":"HierarchyPathItem"}],"isGlobalFallback":null,"countryName":{"fi":"Suomi","__typename":"CountryName"}},{"id":"6416211005118","ean":"6416211005118","name":"Pirjon Pakari 380g porkkanakakko","price":2.55,"storeId":725782447,"__typename":"Product","approxPrice":false,"basicQuantityUnit":"KPL","comparisonPrice":6.71,"comparisonUnit":"KGM","consumerPackageSize":null,"consumerPackageUnit":null,"priceUnit":"KPL","quantityMultiplier":1,"brandName":"Pirjon Pakari","slug":"pirjon-pakari-380g-porkkanakakko","isAgeLimitedByAlcohol":false,"frozen":false,"packagingLabels":[],"packagingLabelCodes":[],"hierarchyPath":[{"id":"1591691250986231","name":"Sekaleivät","slug":"leivat-keksit-ja-leivonnaiset-1/leivat/sekaleivat","__typename":"HierarchyPathItem"},{"id":"StructureGroup_1796559627347513","name":"Leivät","slug":"leivat-keksit-ja-leivonnaiset-1/leivat","__typename":"HierarchyPathItem"},{"id":"Herkku_00000008","name":"Leivät, keksit ja leivonnaiset","slug":"leivat-keksit-ja-leivonnaiset-1","__typename":"HierarchyPathItem"}],"isGlobalFallback":null,"countryName":{"fi":"Suomi","__typename":"CountryName"}},{"id":"6416248008038","ean":"6416248008038","name":"Hart-Sport 54g Energy Urheilujuomajauhe","price":1.79,"storeId":725782447,"__typename":"Product","approxPrice":false,"basicQuantityUnit":"KPL","comparisonPrice":33.15,"comparisonUnit":"KGM","consumerPackageSize":null,"consumerPackageUnit":null,"priceUnit":"KPL","quantityMultiplier":1,"brandName":"Hart-Sport","slug":"hart-sport-54g-energy-urheilujuomajauhe","isAgeLimitedByAlcohol":false,"frozen":false,"packagingLabels":[],"packagingLabelCodes":[],"hierarchyPath":[{"id":"Herkku_00000992","name":"Urheilujuomajauheet","slug":"luontaistuotteet-ja-lisaravinteet-1/hiilihydraattijauheet/urheilujuomajauheet","__typename":"HierarchyPathItem"},{"id":"Herkku_00000163","name":"Hiilihydraattijauheet","slug":"luontaistuotteet-ja-lisaravinteet-1/hiilihydraattijauheet","__typename":"HierarchyPathItem"},{"id":"Herkku_00000016","name":"Luontaistuotteet ja lisäravinteet","slug":"luontaistuotteet-ja-lisaravinteet-1","__typename":"HierarchyPathItem"}],"isGlobalFallback":null,"countryName":{"fi":"Suomi","__typename":"CountryName"}},{"id":"6416250006718","ean":"6416250006718","name":"Champ valkoisia herkkusieniä 200g","price":3.25,"storeId":725782447,"__typename":"Product","approxPrice":false,"basicQuantityUnit":"KPL","comparisonPrice":16.25,"comparisonUnit":"KGM","consumerPackageSize":null,"consumerPackageUnit":null,"priceUnit":"KPL","quantityMultiplier":1,"brandName":"Champ","slug":"champ-valkoisia-herkkusienia-200g","isAgeLimitedByAlcohol":false,"frozen":false,"packagingLabels":["Hyvää Suomesta (Sininen Joutsen)"," Sydänmerkki"],"packagingLabelCodes":["FINNISH_HEART_SYMBOL"," GOODS_FROM_FINLAND_BLUE_SWAN"],"hierarchyPath":[{"id":"Herkku_00000020","name":"Sienet","slug":"hedelmat-ja-vihannekset-1/sienet","__typename":"HierarchyPathItem"},{"id":"Herkku_00000001","name":"Hedelmät ja vihannekset","slug":"hedelmat-ja-vihannekset-1","__typename":"HierarchyPathItem"}],"isGlobalFallback":null,"countryName":{"fi":"Suomi","__typename":"CountryName"}},{"id":"6416274398561","ean":"6416274398561","name":"Cailap Pinsetit vinopäiset","price":1.5,"storeId":725782447,"__typename":"Product","approxPrice":false,"basicQuantityUnit":"KPL","comparisonPrice":1.5,"comparisonUnit":"PCE","consumerPackageSize":null,"consumerPackageUnit":null,"priceUnit":"KPL","quantityMultiplier":1,"brandName":"Cailap","slug":"cailap-pinsetit-vinopaiset","isAgeLimitedByAlcohol":false,"frozen":false,"packagingLabels":[],"packagingLabelCodes":[],"hierarchyPath":[{"id":"1591691233832761","name":"Meikkausvälineet","slug":"kosmetiikka-ja-hygienia/muut-kosmetiikka-ja-hygieniatuotteet/meikkausvalineet","__typename":"HierarchyPathItem"},{"id":"1591691233832153","name":"Muut kosmetiikka ja hygieniatuotteet","slug":"kosmetiikka-ja-hygienia/muut-kosmetiikka-ja-hygieniatuotteet","__typename":"HierarchyPathItem"},{"id":"1591691233334707","name":"Kosmetiikka ja hygienia","slug":"kosmetiikka-ja-hygienia","__typename":"HierarchyPathItem"}],"isGlobalFallback":null,"countryName":{"fi":"Kiina","__typename":"CountryName"}},{"id":"6416274398578","ean":"6416274398578","name":"Cailap Kynsisakset","price":3.5,"storeId":725782447,"__typename":"Product","approxPrice":false,"basicQuantityUnit":"KPL","comparisonPrice":3.5,"comparisonUnit":"PCE","consumerPackageSize":null,"consumerPackageUnit":null,"priceUnit":"KPL","quantityMultiplier":1,"brandName":"Cailap","slug":"cailap-kynsisakset","isAgeLimitedByAlcohol":false,"frozen":false,"packagingLabels":[],"packagingLabelCodes":[],"hierarchyPath":[{"id":"1591691233832768","name":"Kynsienhoitovälineet","slug":"kosmetiikka-ja-hygienia/muut-kosmetiikka-ja-hygieniatuotteet/kynsienhoitovalineet","__typename":"HierarchyPathItem"},{"id":"1591691233832153","name":"Muut kosmetiikka ja hygieniatuotteet","slug":"kosmetiikka-ja-hygienia/muut-kosmetiikka-ja-hygieniatuotteet","__typename":"HierarchyPathItem"},{"id":"1591691233334707","name":"Kosmetiikka ja hygienia","slug":"kosmetiikka-ja-hygienia","__typename":"HierarchyPathItem"}],"isGlobalFallback":null,"countryName":{"fi":"Kiina","__typename":"CountryName"}},{"id":"6416274398592","ean":"6416274398592","name":"Cailap Kynsileikkuri iso","price":3.5,"storeId":725782447,"__typename":"Product","approxPrice":false,"basicQuantityUnit":"KPL","comparisonPrice":3.5,"comparisonUnit":"PCE","consumerPackageSize":null,"consumerPackageUnit":null,"priceUnit":"KPL","quantityMultiplier":1,"brandName":"Cailap","slug":"cailap-kynsileikkuri-iso","isAgeLimitedByAlcohol":false,"frozen":false,"packagingLabels":[],"packagingLabelCodes":[],"hierarchyPath":[{"id":"1591691233832768","name":"Kynsienhoitovälineet","slug":"kosmetiikka-ja-hygienia/muut-kosmetiikka-ja-hygieniatuotteet/kynsienhoitovalineet","__typename":"HierarchyPathItem"},{"id":"1591691233832153","name":"Muut kosmetiikka ja hygieniatuotteet","slug":"kosmetiikka-ja-hygienia/muut-kosmetiikka-ja-hygieniatuotteet","__typename":"HierarchyPathItem"},{"id":"1591691233334707","name":"Kosmetiikka ja hygienia","slug":"kosmetiikka-ja-hygienia","__typename":"HierarchyPathItem"}],"isGlobalFallback":null,"countryName":{"fi":"Kiina","__typename":"CountryName"}},{"id":"6416274407928","ean":"6416274407928","name":"Cailap Meikkisienipakkaus 4 kpl","price":1.5,"storeId":725782447,"__typename":"Product","approxPrice":false,"basicQuantityUnit":"KPL","comparisonPrice":0.38,"comparisonUnit":"PCE","consumerPackageSize":null,"consumerPackageUnit":null,"priceUnit":"KPL","quantityMultiplier":1,"brandName":"Cailap","slug":"cailap-meikkisienipakkaus-4-kpl","isAgeLimitedByAlcohol":false,"frozen":false,"packagingLabels":[],"packagingLabelCodes":[],"hierarchyPath":[{"id":"1591691233832761","name":"Meikkausvälineet","slug":"kosmetiikka-ja-hygienia/muut-kosmetiikka-ja-hygieniatuotteet/meikkausvalineet","__typename":"HierarchyPathItem"},{"id":"1591691233832153","name":"Muut kosmetiikka ja hygieniatuotteet","slug":"kosmetiikka-ja-hygienia/muut-kosmetiikka-ja-hygieniatuotteet","__typename":"HierarchyPathItem"},{"id":"1591691233334707","name":"Kosmetiikka ja hygienia","slug":"kosmetiikka-ja-hygienia","__typename":"HierarchyPathItem"}],"isGlobalFallback":null,"countryName":{"fi":"Kiina","__typename":"CountryName"}},{"id":"6416345001642","ean":"6416345001642","name":"Görans Kebablastu 250g irtopakastettu","price":4.6,"storeId":725782447,"__typename":"Product","approxPrice":false,"basicQuantityUnit":"KPL","comparisonPrice":18.4,"comparisonUnit":"KGM","consumerPackageSize":null,"consumerPackageUnit":null,"priceUnit":"KPL","quantityMultiplier":1,"brandName":"Görans","slug":"gorans-kebablastu-250g-irtopakastettu","isAgeLimitedByAlcohol":false,"frozen":true,"packagingLabels":["Hyvää Suomesta (Sininen Joutsen)"],"packagingLabelCodes":["GOODS_FROM_FINLAND_BLUE_SWAN"],"hierarchyPath":[{"id":"1591691225905845","name":"Valmiit pakasteateriat","slug":"pakasteet-1/pakasteateriat/valmiit-pakasteateriat","__typename":"HierarchyPathItem"},{"id":"Herkku_00000129","name":"Pakasteateriat","slug":"pakasteet-1/pakasteateriat","__typename":"HierarchyPathItem"},{"id":"Herkku_00000013","name":"Pakasteet","slug":"pakasteet-1","__typename":"HierarchyPathItem"}],"isGlobalFallback":null,"countryName":{"fi":"Suomi","__typename":"CountryName"}},{"id":"6416419130988","ean":"6416419130988","name":"Jalotofu marinoitu tofu 300g luomu","price":3.69,"storeId":725782447,"__typename":"Product","approxPrice":false,"basicQuantityUnit":"KPL","comparisonPrice":12.3,"comparisonUnit":"KGM","consumerPackageSize":null,"consumerPackageUnit":null,"priceUnit":"KPL","quantityMultiplier":1,"brandName":"Jalotofu","slug":"jalotofu-marinoitu-tofu-300g-luomu","isAgeLimitedByAlcohol":false,"frozen":false,"packagingLabels":["Avainlippu"," EU:n luomutunnus (lehti)"," Gluteeniton elintarvike (yliviivattu tähkä)"],"packagingLabelCodes":["CROSSED_GRAIN_SYMBOL"," EU_ORGANIC_FARMING"," MADE_IN_FINLAND_FLAG_WITH_KEY"],"hierarchyPath":[{"id":"1591691244827941","name":"Muut kasvipohjaiset juustot","slug":"juustot-0/kasvipohjaiset-juustot/muut-kasvipohjaiset-juustot","__typename":"HierarchyPathItem"},{"id":"1591691244827917","name":"Kasvipohjaiset juustot","slug":"juustot-0/kasvipohjaiset-juustot","__typename":"HierarchyPathItem"},{"id":"Herkku_00000003","name":"Juustot","slug":"juustot-0","__typename":"HierarchyPathItem"}],"isGlobalFallback":null,"countryName":{"fi":"Suomi","__typename":"CountryName"}},{"id":"6416445016133","ean":"6416445016133","name":"Viikkokalenteri 2023","price":5.95,"storeId":725782447,"__typename":"Product","approxPrice":false,"basicQuantityUnit":"KPL","comparisonPrice":5.95,"comparisonUnit":"PCE","consumerPackageSize":null,"consumerPackageUnit":null,"priceUnit":"KPL","quantityMultiplier":1,"brandName":null,"slug":"viikkokalenteri-2023","isAgeLimitedByAlcohol":false,"frozen":false,"packagingLabels":[],"packagingLabelCodes":[],"hierarchyPath":[{"id":"1591691234747427","name":"Kalenterit","slug":"koti-ja-vapaa-aika/paperi-ja-toimistotarvikkeet/kalenterit","__typename":"HierarchyPathItem"},{"id":"1591691234747419","name":"Paperi- ja toimistotarvikkeet","slug":"koti-ja-vapaa-aika/paperi-ja-toimistotarvikkeet","__typename":"HierarchyPathItem"},{"id":"Herkku_00000002","name":"Koti ja vapaa-aika","slug":"koti-ja-vapaa-aika","__typename":"HierarchyPathItem"}],"isGlobalFallback":null,"countryName":{"fi":"Suomi","__typename":"CountryName"}},{"id":"6416453014305","ean":"6416453014305","name":"Karl Fazer Avec suklaarae suklaalevy 200g","price":3.05,"storeId":725782447,"__typename":"Product","approxPrice":false,"basicQuantityUnit":"KPL","comparisonPrice":15.25,"comparisonUnit":"KGM","consumerPackageSize":null,"consumerPackageUnit":null,"priceUnit":"KPL","quantityMultiplier":1,"brandName":"Karl Fazer","slug":"karl-fazer-avec-suklaarae-suklaalevy-200g","isAgeLimitedByAlcohol":false,"frozen":false,"packagingLabels":[],"packagingLabelCodes":[],"hierarchyPath":[{"id":"Herkku_00000334","name":"Suklaalevyt","slug":"makeiset-ja-naposteltavat-1/suklaat/suklaalevyt","__typename":"HierarchyPathItem"},{"id":"Herkku_00000060","name":"Suklaat","slug":"makeiset-ja-naposteltavat-1/suklaat","__typename":"HierarchyPathItem"},{"id":"Herkku_00000009","name":"Makeiset ja naposteltavat","slug":"makeiset-ja-naposteltavat-1","__typename":"HierarchyPathItem"}],"isGlobalFallback":null,"countryName":{"fi":"Suomi","__typename":"CountryName"}},{"id":"6416453014336","ean":"6416453014336","name":"Karl Fazer Vihreitä Kuulia suklaalevy 200g","price":3.05,"storeId":725782447,"__typename":"Product","approxPrice":false,"basicQuantityUnit":"KPL","comparisonPrice":15.25,"comparisonUnit":"KGM","consumerPackageSize":null,"consumerPackageUnit":null,"priceUnit":"KPL","quantityMultiplier":1,"brandName":"Karl Fazer","slug":"karl-fazer-vihreita-kuulia-suklaalevy-200g","isAgeLimitedByAlcohol":false,"frozen":false,"packagingLabels":["Green Dot"],"packagingLabelCodes":["GREEN_DOT"],"hierarchyPath":[{"id":"Herkku_00000334","name":"Suklaalevyt","slug":"makeiset-ja-naposteltavat-1/suklaat/suklaalevyt","__typename":"HierarchyPathItem"},{"id":"Herkku_00000060","name":"Suklaat","slug":"makeiset-ja-naposteltavat-1/suklaat","__typename":"HierarchyPathItem"},{"id":"Herkku_00000009","name":"Makeiset ja naposteltavat","slug":"makeiset-ja-naposteltavat-1","__typename":"HierarchyPathItem"}],"isGlobalFallback":null,"countryName":{"fi":"Suomi","__typename":"CountryName"}},{"id":"6416453014657","ean":"6416453014657","name":"Fazer Kismet Dumle suklaapatukka 55g","price":0.95,"storeId":725782447,"__typename":"Product","approxPrice":false,"basicQuantityUnit":"KPL","comparisonPrice":17.27,"comparisonUnit":"KGM","consumerPackageSize":null,"consumerPackageUnit":null,"priceUnit":"KPL","quantityMultiplier":1,"brandName":"Fazer","slug":"fazer-kismet-dumle-suklaapatukka-55g","isAgeLimitedByAlcohol":false,"frozen":false,"packagingLabels":["Kierrätysmerkki"],"packagingLabelCodes":["RECYCLABLE_GENERAL_CLAIM"],"hierarchyPath":[{"id":"Herkku_00000333","name":"Suklaapatukat","slug":"makeiset-ja-naposteltavat-1/suklaat/suklaapatukat","__typename":"HierarchyPathItem"},{"id":"Herkku_00000060","name":"Suklaat","slug":"makeiset-ja-naposteltavat-1/suklaat","__typename":"HierarchyPathItem"},{"id":"Herkku_00000009","name":"Makeiset ja naposteltavat","slug":"makeiset-ja-naposteltavat-1","__typename":"HierarchyPathItem"}],"isGlobalFallback":null,"countryName":{"fi":"Suomi","__typename":"CountryName"}},{"id":"6416453015111","ean":"6416453015111","name":"Karl Fazer Vadelmajogurtti suklaalevy 121g","price":2.45,"storeId":725782447,"__typename":"Product","approxPrice":false,"basicQuantityUnit":"KPL","comparisonPrice":20.25,"comparisonUnit":"KGM","consumerPackageSize":null,"consumerPackageUnit":null,"priceUnit":"KPL","quantityMultiplier":1,"brandName":"Karl Fazer","slug":"karl-fazer-vadelmajogurtti-suklaalevy-121g","isAgeLimitedByAlcohol":false,"frozen":false,"packagingLabels":[],"packagingLabelCodes":[],"hierarchyPath":[{"id":"Herkku_00000334","name":"Suklaalevyt","slug":"makeiset-ja-naposteltavat-1/suklaat/suklaalevyt","__typename":"HierarchyPathItem"},{"id":"Herkku_00000060","name":"Suklaat","slug":"makeiset-ja-naposteltavat-1/suklaat","__typename":"HierarchyPathItem"},{"id":"Herkku_00000009","name":"Makeiset ja naposteltavat","slug":"makeiset-ja-naposteltavat-1","__typename":"HierarchyPathItem"}],"isGlobalFallback":null,"countryName":{"fi":"Suomi","__typename":"CountryName"}},{"id":"6416453015241","ean":"6416453015241","name":"Karl Fazer Dumle suklaalevy 200g","price":3.05,"storeId":725782447,"__typename":"Product","approxPrice":false,"basicQuantityUnit":"KPL","comparisonPrice":15.25,"comparisonUnit":"KGM","consumerPackageSize":null,"consumerPackageUnit":null,"priceUnit":"KPL","quantityMultiplier":1,"brandName":"Karl Fazer","slug":"karl-fazer-dumle-suklaalevy-200g","isAgeLimitedByAlcohol":false,"frozen":false,"packagingLabels":["Green Dot"],"packagingLabelCodes":["GREEN_DOT"],"hierarchyPath":[{"id":"Herkku_00000334","name":"Suklaalevyt","slug":"makeiset-ja-naposteltavat-1/suklaat/suklaalevyt","__typename":"HierarchyPathItem"},{"id":"Herkku_00000060","name":"Suklaat","slug":"makeiset-ja-naposteltavat-1/suklaat","__typename":"HierarchyPathItem"},{"id":"Herkku_00000009","name":"Makeiset ja naposteltavat","slug":"makeiset-ja-naposteltavat-1","__typename":"HierarchyPathItem"}],"isGlobalFallback":null,"countryName":{"fi":"Suomi","__typename":"CountryName"}},{"id":"6416453015562","ean":"6416453015562","name":"Fazer Geisha Hasselpähkinänougat suklaalevy 121g","price":2.45,"storeId":725782447,"__typename":"Product","approxPrice":false,"basicQuantityUnit":"KPL","comparisonPrice":20.25,"comparisonUnit":"KGM","consumerPackageSize":null,"consumerPackageUnit":null,"priceUnit":"KPL","quantityMultiplier":1,"brandName":"Fazer","slug":"fazer-geisha-hasselpahkinanougat-suklaalevy-121g","isAgeLimitedByAlcohol":false,"frozen":false,"packagingLabels":[],"packagingLabelCodes":[],"hierarchyPath":[{"id":"Herkku_00000334","name":"Suklaalevyt","slug":"makeiset-ja-naposteltavat-1/suklaat/suklaalevyt","__typename":"HierarchyPathItem"},{"id":"Herkku_00000060","name":"Suklaat","slug":"makeiset-ja-naposteltavat-1/suklaat","__typename":"HierarchyPathItem"},{"id":"Herkku_00000009","name":"Makeiset ja naposteltavat","slug":"makeiset-ja-naposteltavat-1","__typename":"HierarchyPathItem"}],"isGlobalFallback":null,"countryName":{"fi":"Suomi","__typename":"CountryName"}},{"id":"6416453015807","ean":"6416453015807","name":"Fazer Fazerina appelsiinitryffeli suklaalevy 121g","price":2.45,"storeId":725782447,"__typename":"Product","approxPrice":false,"basicQuantityUnit":"KPL","comparisonPrice":20.25,"comparisonUnit":"KGM","consumerPackageSize":null,"consumerPackageUnit":null,"priceUnit":"KPL","quantityMultiplier":1,"brandName":"Fazer","slug":"fazer-fazerina-appelsiinitryffeli-suklaalevy-121g","isAgeLimitedByAlcohol":false,"frozen":false,"packagingLabels":[],"packagingLabelCodes":[],"hierarchyPath":[{"id":"Herkku_00000334","name":"Suklaalevyt","slug":"makeiset-ja-naposteltavat-1/suklaat/suklaalevyt","__typename":"HierarchyPathItem"},{"id":"Herkku_00000060","name":"Suklaat","slug":"makeiset-ja-naposteltavat-1/suklaat","__typename":"HierarchyPathItem"},{"id":"Herkku_00000009","name":"Makeiset ja naposteltavat","slug":"makeiset-ja-naposteltavat-1","__typename":"HierarchyPathItem"}],"isGlobalFallback":null,"countryName":{"fi":"Suomi","__typename":"CountryName"}},{"id":"6416453016439","ean":"6416453016439","name":"Karl Fazer Winter Edition piparkakku maitosuklaalevy 200g","price":3.05,"storeId":725782447,"__typename":"Product","approxPrice":false,"basicQuantityUnit":"KPL","comparisonPrice":15.25,"comparisonUnit":"KGM","consumerPackageSize":null,"consumerPackageUnit":null,"priceUnit":"KPL","quantityMultiplier":1,"brandName":"Karl Fazer","slug":"karl-fazer-winter-edition-piparkakku-maitosuklaalevy-200g","isAgeLimitedByAlcohol":false,"frozen":false,"packagingLabels":[],"packagingLabelCodes":[],"hierarchyPath":[{"id":"Herkku_00000341","name":"Suklaamakeiset","slug":"makeiset-ja-naposteltavat-1/sesonki-ja-lahjamakeiset/suklaamakeiset","__typename":"HierarchyPathItem"},{"id":"Herkku_00000061","name":"Sesonki- ja lahjamakeiset","slug":"makeiset-ja-naposteltavat-1/sesonki-ja-lahjamakeiset","__typename":"HierarchyPathItem"},{"id":"Herkku_00000009","name":"Makeiset ja naposteltavat","slug":"makeiset-ja-naposteltavat-1","__typename":"HierarchyPathItem"}],"isGlobalFallback":null,"countryName":{"fi":"Suomi","__typename":"CountryName"}},{"id":"6416453016699","ean":"6416453016699","name":"Karl Fazer suolainen toffeekrokantti suklaalevy 200g","price":3.05,"storeId":725782447,"__typename":"Product","approxPrice":false,"basicQuantityUnit":"KPL","comparisonPrice":15.25,"comparisonUnit":"KGM","consumerPackageSize":null,"consumerPackageUnit":null,"priceUnit":"KPL","quantityMultiplier":1,"brandName":"Karl Fazer","slug":"karl-fazer-suolainen-toffeekrokantti-suklaalevy-200g","isAgeLimitedByAlcohol":false,"frozen":false,"packagingLabels":[],"packagingLabelCodes":[],"hierarchyPath":[{"id":"Herkku_00000334","name":"Suklaalevyt","slug":"makeiset-ja-naposteltavat-1/suklaat/suklaalevyt","__typename":"HierarchyPathItem"},{"id":"Herkku_00000060","name":"Suklaat","slug":"makeiset-ja-naposteltavat-1/suklaat","__typename":"HierarchyPathItem"},{"id":"Herkku_00000009","name":"Makeiset ja naposteltavat","slug":"makeiset-ja-naposteltavat-1","__typename":"HierarchyPathItem"}],"isGlobalFallback":null,"countryName":{"fi":"Suomi","__typename":"CountryName"}},{"id":"6416453017405","ean":"6416453017405","name":"Karl Fazer Crunchy suklaapatukka 55g","price":1.35,"storeId":725782447,"__typename":"Product","approxPrice":false,"basicQuantityUnit":"KPL","comparisonPrice":24.55,"comparisonUnit":"KGM","consumerPackageSize":null,"consumerPackageUnit":null,"priceUnit":"KPL","quantityMultiplier":1,"brandName":"Karl Fazer","slug":"karl-fazer-crunchy-suklaapatukka-55g","isAgeLimitedByAlcohol":false,"frozen":false,"packagingLabels":["Kierrätysmerkki"],"packagingLabelCodes":["RECYCLABLE_GENERAL_CLAIM"],"hierarchyPath":[{"id":"Herkku_00000333","name":"Suklaapatukat","slug":"makeiset-ja-naposteltavat-1/suklaat/suklaapatukat","__typename":"HierarchyPathItem"},{"id":"Herkku_00000060","name":"Suklaat","slug":"makeiset-ja-naposteltavat-1/suklaat","__typename":"HierarchyPathItem"},{"id":"Herkku_00000009","name":"Makeiset ja naposteltavat","slug":"makeiset-ja-naposteltavat-1","__typename":"HierarchyPathItem"}],"isGlobalFallback":null,"countryName":{"fi":"Suomi","__typename":"CountryName"}},{"id":"6416453017467","ean":"6416453017467","name":"Fazer Pätkis Maxi Crunchy suklaapatukka 55g","price":1.35,"storeId":725782447,"__typename":"Product","approxPrice":false,"basicQuantityUnit":"KPL","comparisonPrice":24.55,"comparisonUnit":"KGM","consumerPackageSize":null,"consumerPackageUnit":null,"priceUnit":"KPL","quantityMultiplier":1,"brandName":"Fazer","slug":"fazer-patkis-maxi-crunchy-suklaapatukka-55g","isAgeLimitedByAlcohol":false,"frozen":false,"packagingLabels":[],"packagingLabelCodes":[],"hierarchyPath":[{"id":"Herkku_00000333","name":"Suklaapatukat","slug":"makeiset-ja-naposteltavat-1/suklaat/suklaapatukat","__typename":"HierarchyPathItem"},{"id":"Herkku_00000060","name":"Suklaat","slug":"makeiset-ja-naposteltavat-1/suklaat","__typename":"HierarchyPathItem"},{"id":"Herkku_00000009","name":"Makeiset ja naposteltavat","slug":"makeiset-ja-naposteltavat-1","__typename":"HierarchyPathItem"}],"isGlobalFallback":null,"countryName":{"fi":"Suomi","__typename":"CountryName"}},{"id":"6416453017504","ean":"6416453017504","name":"Fazer Geisha Crunchy suklaapatukka 50g","price":1.35,"storeId":725782447,"__typename":"Product","approxPrice":false,"basicQuantityUnit":"KPL","comparisonPrice":27,"comparisonUnit":"KGM","consumerPackageSize":null,"consumerPackageUnit":null,"priceUnit":"KPL","quantityMultiplier":1,"brandName":"Fazer","slug":"fazer-geisha-crunchy-suklaapatukka-50g","isAgeLimitedByAlcohol":false,"frozen":false,"packagingLabels":["Kierrätysmerkki"],"packagingLabelCodes":["RECYCLABLE_GENERAL_CLAIM"],"hierarchyPath":[{"id":"Herkku_00000333","name":"Suklaapatukat","slug":"makeiset-ja-naposteltavat-1/suklaat/suklaapatukat","__typename":"HierarchyPathItem"},{"id":"Herkku_00000060","name":"Suklaat","slug":"makeiset-ja-naposteltavat-1/suklaat","__typename":"HierarchyPathItem"},{"id":"Herkku_00000009","name":"Makeiset ja naposteltavat","slug":"makeiset-ja-naposteltavat-1","__typename":"HierarchyPathItem"}],"isGlobalFallback":null,"countryName":{"fi":"Suomi","__typename":"CountryName"}},{"id":"6416453017665","ean":"6416453017665","name":"Karl Fazer Crunchy Black Edition suklaapatukka 55g","price":1.35,"storeId":725782447,"__typename":"Product","approxPrice":false,"basicQuantityUnit":"KPL","comparisonPrice":24.55,"comparisonUnit":"KGM","consumerPackageSize":null,"consumerPackageUnit":null,"priceUnit":"KPL","quantityMultiplier":1,"brandName":"Karl Fazer","slug":"karl-fazer-crunchy-black-edition-suklaapatukka-55g","isAgeLimitedByAlcohol":false,"frozen":false,"packagingLabels":[],"packagingLabelCodes":[],"hierarchyPath":[{"id":"Herkku_00000333","name":"Suklaapatukat","slug":"makeiset-ja-naposteltavat-1/suklaat/suklaapatukat","__typename":"HierarchyPathItem"},{"id":"Herkku_00000060","name":"Suklaat","slug":"makeiset-ja-naposteltavat-1/suklaat","__typename":"HierarchyPathItem"},{"id":"Herkku_00000009","name":"Makeiset ja naposteltavat","slug":"makeiset-ja-naposteltavat-1","__typename":"HierarchyPathItem"}],"isGlobalFallback":null,"countryName":{"fi":"Suomi","__typename":"CountryName"}},{"id":"6416453017887","ean":"6416453017887","name":"Karl Fazer Kaura Choco hasselpähkinä kaura-kaakaolevy 62g","price":2.45,"storeId":725782447,"__typename":"Product","approxPrice":false,"basicQuantityUnit":"KPL","comparisonPrice":39.52,"comparisonUnit":"KGM","consumerPackageSize":null,"consumerPackageUnit":null,"priceUnit":"KPL","quantityMultiplier":1,"brandName":"Karl Fazer","slug":"karl-fazer-kaura-choco-hasselpahkina-kaura-kaakaolevy-62g","isAgeLimitedByAlcohol":false,"frozen":false,"packagingLabels":["Green Dot"],"packagingLabelCodes":["GREEN_DOT"],"hierarchyPath":[{"id":"Herkku_00000334","name":"Suklaalevyt","slug":"makeiset-ja-naposteltavat-1/suklaat/suklaalevyt","__typename":"HierarchyPathItem"},{"id":"Herkku_00000060","name":"Suklaat","slug":"makeiset-ja-naposteltavat-1/suklaat","__typename":"HierarchyPathItem"},{"id":"Herkku_00000009","name":"Makeiset ja naposteltavat","slug":"makeiset-ja-naposteltavat-1","__typename":"HierarchyPathItem"}],"isGlobalFallback":null,"countryName":{"fi":"Suomi","__typename":"CountryName"}},{"id":"6416453019348","ean":"6416453019348","name":"Fazer Iso Pätkis minttutryffeli suklaapatukka 36g","price":0.85,"storeId":725782447,"__typename":"Product","approxPrice":false,"basicQuantityUnit":"KPL","comparisonPrice":23.61,"comparisonUnit":"KGM","consumerPackageSize":null,"consumerPackageUnit":null,"priceUnit":"KPL","quantityMultiplier":1,"brandName":"Fazer","slug":"fazer-iso-patkis-minttutryffeli-suklaapatukka-36g","isAgeLimitedByAlcohol":false,"frozen":false,"packagingLabels":[],"packagingLabelCodes":[],"hierarchyPath":[{"id":"Herkku_00000333","name":"Suklaapatukat","slug":"makeiset-ja-naposteltavat-1/suklaat/suklaapatukat","__typename":"HierarchyPathItem"},{"id":"Herkku_00000060","name":"Suklaat","slug":"makeiset-ja-naposteltavat-1/suklaat","__typename":"HierarchyPathItem"},{"id":"Herkku_00000009","name":"Makeiset ja naposteltavat","slug":"makeiset-ja-naposteltavat-1","__typename":"HierarchyPathItem"}],"isGlobalFallback":null,"countryName":{"fi":"Suomi","__typename":"CountryName"}},{"id":"6416453019973","ean":"6416453019973","name":"Karl Fazer Sitruunajogurtti -marenki suklaapatukka  37g","price":0.85,"storeId":725782447,"__typename":"Product","approxPrice":false,"basicQuantityUnit":"KPL","comparisonPrice":22.97,"comparisonUnit":"KGM","consumerPackageSize":null,"consumerPackageUnit":null,"priceUnit":"KPL","quantityMultiplier":1,"brandName":"Karl Fazer","slug":"karl-fazer-sitruunajogurtti-marenki-suklaapatukka-37g","isAgeLimitedByAlcohol":false,"frozen":false,"packagingLabels":[],"packagingLabelCodes":[],"hierarchyPath":[{"id":"Herkku_00000333","name":"Suklaapatukat","slug":"makeiset-ja-naposteltavat-1/suklaat/suklaapatukat","__typename":"HierarchyPathItem"},{"id":"Herkku_00000060","name":"Suklaat","slug":"makeiset-ja-naposteltavat-1/suklaat","__typename":"HierarchyPathItem"},{"id":"Herkku_00000009","name":"Makeiset ja naposteltavat","slug":"makeiset-ja-naposteltavat-1","__typename":"HierarchyPathItem"}],"isGlobalFallback":null,"countryName":{"fi":"Suomi","__typename":"CountryName"}},{"id":"6416453020009","ean":"6416453020009","name":"Fazer Julia suklaapatukka 18g","price":0.55,"storeId":725782447,"__typename":"Product","approxPrice":false,"basicQuantityUnit":"KPL","comparisonPrice":30.56,"comparisonUnit":"KGM","consumerPackageSize":null,"consumerPackageUnit":null,"priceUnit":"KPL","quantityMultiplier":1,"brandName":"Fazer","slug":"fazer-julia-suklaapatukka-18g","isAgeLimitedByAlcohol":false,"frozen":false,"packagingLabels":["Kierrätysmerkki"],"packagingLabelCodes":["RECYCLABLE_GENERAL_CLAIM"],"hierarchyPath":[{"id":"Herkku_00000333","name":"Suklaapatukat","slug":"makeiset-ja-naposteltavat-1/suklaat/suklaapatukat","__typename":"HierarchyPathItem"},{"id":"Herkku_00000060","name":"Suklaat","slug":"makeiset-ja-naposteltavat-1/suklaat","__typename":"HierarchyPathItem"},{"id":"Herkku_00000009","name":"Makeiset ja naposteltavat","slug":"makeiset-ja-naposteltavat-1","__typename":"HierarchyPathItem"}],"isGlobalFallback":null,"countryName":{"fi":"Suomi","__typename":"CountryName"}},{"id":"6416453020207","ean":"6416453020207","name":"Fazer Geisha Taste of Peanut suklaapatukka 37g","price":0.85,"storeId":725782447,"__typename":"Product","approxPrice":false,"basicQuantityUnit":"KPL","comparisonPrice":22.97,"comparisonUnit":"KGM","consumerPackageSize":null,"consumerPackageUnit":null,"priceUnit":"KPL","quantityMultiplier":1,"brandName":"Fazer","slug":"fazer-geisha-taste-of-peanut-suklaapatukka-37g","isAgeLimitedByAlcohol":false,"frozen":false,"packagingLabels":["Kierrätysmerkki"],"packagingLabelCodes":["RECYCLABLE_GENERAL_CLAIM"],"hierarchyPath":[{"id":"Herkku_00000333","name":"Suklaapatukat","slug":"makeiset-ja-naposteltavat-1/suklaat/suklaapatukat","__typename":"HierarchyPathItem"},{"id":"Herkku_00000060","name":"Suklaat","slug":"makeiset-ja-naposteltavat-1/suklaat","__typename":"HierarchyPathItem"},{"id":"Herkku_00000009","name":"Makeiset ja naposteltavat","slug":"makeiset-ja-naposteltavat-1","__typename":"HierarchyPathItem"}],"isGlobalFallback":null,"countryName":{"fi":"Suomi","__typename":"CountryName"}},{"id":"6416453028227","ean":"6416453028227","name":"Fazer Tyrkisk Peber Hot & Sour salmiakkihedelmä karkkipussi 150g","price":2.15,"storeId":725782447,"__typename":"Product","approxPrice":false,"basicQuantityUnit":"KPL","comparisonPrice":14.33,"comparisonUnit":"KGM","consumerPackageSize":null,"consumerPackageUnit":null,"priceUnit":"KPL","quantityMultiplier":1,"brandName":"Fazer","slug":"fazer-tyrkisk-peber-hot-and-sour-salmiakkihedelma-karkkipussi-150g","isAgeLimitedByAlcohol":false,"frozen":false,"packagingLabels":["Green Dot"],"packagingLabelCodes":["GREEN_DOT"],"hierarchyPath":[{"id":"Herkku_00000325","name":"Salmiakki ja lakritsi","slug":"makeiset-ja-naposteltavat-1/karkkipussit/salmiakki-ja-lakritsi","__typename":"HierarchyPathItem"},{"id":"Herkku_00000055","name":"Karkkipussit","slug":"makeiset-ja-naposteltavat-1/karkkipussit","__typename":"HierarchyPathItem"},{"id":"Herkku_00000009","name":"Makeiset ja naposteltavat","slug":"makeiset-ja-naposteltavat-1","__typename":"HierarchyPathItem"}],"isGlobalFallback":null,"countryName":{"fi":"Suomi","__typename":"CountryName"}},{"id":"6416453033405","ean":"6416453033405","name":"Fazer Remix Lakritsi Täytemix karkkipussi 240g","price":2.49,"storeId":725782447,"__typename":"Product","approxPrice":false,"basicQuantityUnit":"KPL","comparisonPrice":10.38,"comparisonUnit":"KGM","consumerPackageSize":null,"consumerPackageUnit":null,"priceUnit":"KPL","quantityMultiplier":1,"brandName":"Fazer","slug":"fazer-remix-lakritsi-taytemix-karkkipussi-240g","isAgeLimitedByAlcohol":false,"frozen":false,"packagingLabels":["Avainlippu"," Kierrätysmerkki"],"packagingLabelCodes":["MADE_IN_FINLAND_FLAG_WITH_KEY"," RECYCLABLE_GENERAL_CLAIM"],"hierarchyPath":[{"id":"Herkku_00000325","name":"Salmiakki ja lakritsi","slug":"makeiset-ja-naposteltavat-1/karkkipussit/salmiakki-ja-lakritsi","__typename":"HierarchyPathItem"},{"id":"Herkku_00000055","name":"Karkkipussit","slug":"makeiset-ja-naposteltavat-1/karkkipussit","__typename":"HierarchyPathItem"},{"id":"Herkku_00000009","name":"Makeiset ja naposteltavat","slug":"makeiset-ja-naposteltavat-1","__typename":"HierarchyPathItem"}],"isGlobalFallback":null,"countryName":{"fi":"Suomi","__typename":"CountryName"}},{"id":"6416453033931","ean":"6416453033931","name":"Fazer Tutti Frutti choco karkkipussi 300g","price":3.35,"storeId":725782447,"__typename":"Product","approxPrice":false,"basicQuantityUnit":"KPL","comparisonPrice":11.17,"comparisonUnit":"KGM","consumerPackageSize":null,"consumerPackageUnit":null,"priceUnit":"KPL","quantityMultiplier":1,"brandName":"Fazer","slug":"fazer-tutti-frutti-choco-karkkipussi-300g","isAgeLimitedByAlcohol":false,"frozen":false,"packagingLabels":["Avainlippu"," Green Dot"," Kierrätysmerkki"],"packagingLabelCodes":["GREEN_DOT"," MADE_IN_FINLAND_FLAG_WITH_KEY"," RECYCLABLE_GENERAL_CLAIM"],"hierarchyPath":[{"id":"Herkku_00000326","name":"Suklaa","slug":"makeiset-ja-naposteltavat-1/karkkipussit/suklaa","__typename":"HierarchyPathItem"},{"id":"Herkku_00000055","name":"Karkkipussit","slug":"makeiset-ja-naposteltavat-1/karkkipussit","__typename":"HierarchyPathItem"},{"id":"Herkku_00000009","name":"Makeiset ja naposteltavat","slug":"makeiset-ja-naposteltavat-1","__typename":"HierarchyPathItem"}],"isGlobalFallback":null,"countryName":{"fi":"Suomi","__typename":"CountryName"}},{"id":"6416453033955","ean":"6416453033955","name":"Fazer Makea Moka karkkipussi 300g","price":2.25,"storeId":725782447,"__typename":"Product","approxPrice":false,"basicQuantityUnit":"KPL","comparisonPrice":7.5,"comparisonUnit":"KGM","consumerPackageSize":null,"consumerPackageUnit":null,"priceUnit":"KPL","quantityMultiplier":1,"brandName":"Fazer","slug":"fazer-makea-moka-karkkipussi-300g","isAgeLimitedByAlcohol":false,"frozen":false,"packagingLabels":["Avainlippu"],"packagingLabelCodes":["MADE_IN_FINLAND_FLAG_WITH_KEY"],"hierarchyPath":[{"id":"Herkku_00000322","name":"Hedelmä","slug":"makeiset-ja-naposteltavat-1/karkkipussit/hedelma","__typename":"HierarchyPathItem"},{"id":"Herkku_00000055","name":"Karkkipussit","slug":"makeiset-ja-naposteltavat-1/karkkipussit","__typename":"HierarchyPathItem"},{"id":"Herkku_00000009","name":"Makeiset ja naposteltavat","slug":"makeiset-ja-naposteltavat-1","__typename":"HierarchyPathItem"}],"isGlobalFallback":null,"countryName":{"fi":"Suomi","__typename":"CountryName"}},{"id":"6416453034112","ean":"6416453034112","name":"Fazer Remix karkkipussi 350g","price":3.35,"storeId":725782447,"__typename":"Product","approxPrice":false,"basicQuantityUnit":"KPL","comparisonPrice":9.57,"comparisonUnit":"KGM","consumerPackageSize":null,"consumerPackageUnit":null,"priceUnit":"KPL","quantityMultiplier":1,"brandName":"Fazer","slug":"fazer-remix-karkkipussi-350g","isAgeLimitedByAlcohol":false,"frozen":false,"packagingLabels":["Avainlippu"," Kierrätysmerkki"],"packagingLabelCodes":["MADE_IN_FINLAND_FLAG_WITH_KEY"," RECYCLABLE_GENERAL_CLAIM"],"hierarchyPath":[{"id":"Herkku_00000322","name":"Hedelmä","slug":"makeiset-ja-naposteltavat-1/karkkipussit/hedelma","__typename":"HierarchyPathItem"},{"id":"Herkku_00000055","name":"Karkkipussit","slug":"makeiset-ja-naposteltavat-1/karkkipussit","__typename":"HierarchyPathItem"},{"id":"Herkku_00000009","name":"Makeiset ja naposteltavat","slug":"makeiset-ja-naposteltavat-1","__typename":"HierarchyPathItem"}],"isGlobalFallback":null,"countryName":{"fi":"Suomi","__typename":"CountryName"}},{"id":"6416453034792","ean":"6416453034792","name":"Fazer Remix Choco karkkipussi 325g","price":3.35,"storeId":725782447,"__typename":"Product","approxPrice":false,"basicQuantityUnit":"KPL","comparisonPrice":10.31,"comparisonUnit":"KGM","consumerPackageSize":null,"consumerPackageUnit":null,"priceUnit":"KPL","quantityMultiplier":1,"brandName":"Fazer","slug":"fazer-remix-choco-karkkipussi-325g","isAgeLimitedByAlcohol":false,"frozen":false,"packagingLabels":["Avainlippu"],"packagingLabelCodes":["MADE_IN_FINLAND_FLAG_WITH_KEY"],"hierarchyPath":[{"id":"Herkku_00000326","name":"Suklaa","slug":"makeiset-ja-naposteltavat-1/karkkipussit/suklaa","__typename":"HierarchyPathItem"},{"id":"Herkku_00000055","name":"Karkkipussit","slug":"makeiset-ja-naposteltavat-1/karkkipussit","__typename":"HierarchyPathItem"},{"id":"Herkku_00000009","name":"Makeiset ja naposteltavat","slug":"makeiset-ja-naposteltavat-1","__typename":"HierarchyPathItem"}],"isGlobalFallback":null,"countryName":{"fi":"Suomi","__typename":"CountryName"}},{"id":"6416453034945","ean":"6416453034945","name":"Fazer Remix Mad karkkipussi 350g","price":3.35,"storeId":725782447,"__typename":"Product","approxPrice":false,"basicQuantityUnit":"KPL","comparisonPrice":9.57,"comparisonUnit":"KGM","consumerPackageSize":null,"consumerPackageUnit":null,"priceUnit":"KPL","quantityMultiplier":1,"brandName":"Fazer","slug":"fazer-remix-mad-karkkipussi-350g","isAgeLimitedByAlcohol":false,"frozen":false,"packagingLabels":["Avainlippu"],"packagingLabelCodes":["MADE_IN_FINLAND_FLAG_WITH_KEY"],"hierarchyPath":[{"id":"Herkku_00000322","name":"Hedelmä","slug":"makeiset-ja-naposteltavat-1/karkkipussit/hedelma","__typename":"HierarchyPathItem"},{"id":"Herkku_00000055","name":"Karkkipussit","slug":"makeiset-ja-naposteltavat-1/karkkipussit","__typename":"HierarchyPathItem"},{"id":"Herkku_00000009","name":"Makeiset ja naposteltavat","slug":"makeiset-ja-naposteltavat-1","__typename":"HierarchyPathItem"}],"isGlobalFallback":null,"countryName":{"fi":"Suomi","__typename":"CountryName"}},{"id":"6416453035201","ean":"6416453035201","name":"Fazer Susu Snacks suklaa karkkipussi 175g","price":3.35,"storeId":725782447,"__typename":"Product","approxPrice":false,"basicQuantityUnit":"KPL","comparisonPrice":19.14,"comparisonUnit":"KGM","consumerPackageSize":null,"consumerPackageUnit":null,"priceUnit":"KPL","quantityMultiplier":1,"brandName":"Fazer","slug":"fazer-susu-snacks-suklaa-karkkipussi-175g","isAgeLimitedByAlcohol":false,"frozen":false,"packagingLabels":[],"packagingLabelCodes":[],"hierarchyPath":[{"id":"Herkku_00000326","name":"Suklaa","slug":"makeiset-ja-naposteltavat-1/karkkipussit/suklaa","__typename":"HierarchyPathItem"},{"id":"Herkku_00000055","name":"Karkkipussit","slug":"makeiset-ja-naposteltavat-1/karkkipussit","__typename":"HierarchyPathItem"},{"id":"Herkku_00000009","name":"Makeiset ja naposteltavat","slug":"makeiset-ja-naposteltavat-1","__typename":"HierarchyPathItem"}],"isGlobalFallback":null,"countryName":{"fi":"Suomi","__typename":"CountryName"}},{"id":"6416453037724","ean":"6416453037724","name":"Fazer Pantteri Mix hedelmä- ja salmiakki karkkipussi 280g","price":2.85,"storeId":725782447,"__typename":"Product","approxPrice":false,"basicQuantityUnit":"KPL","comparisonPrice":10.18,"comparisonUnit":"KGM","consumerPackageSize":null,"consumerPackageUnit":null,"priceUnit":"KPL","quantityMultiplier":1,"brandName":"Fazer","slug":"fazer-pantteri-mix-hedelma-ja-salmiakki-karkkipussi-280g","isAgeLimitedByAlcohol":false,"frozen":false,"packagingLabels":[],"packagingLabelCodes":[],"hierarchyPath":[{"id":"Herkku_00000322","name":"Hedelmä","slug":"makeiset-ja-naposteltavat-1/karkkipussit/hedelma","__typename":"HierarchyPathItem"},{"id":"Herkku_00000055","name":"Karkkipussit","slug":"makeiset-ja-naposteltavat-1/karkkipussit","__typename":"HierarchyPathItem"},{"id":"Herkku_00000009","name":"Makeiset ja naposteltavat","slug":"makeiset-ja-naposteltavat-1","__typename":"HierarchyPathItem"}],"isGlobalFallback":null,"countryName":{"fi":"Suomi","__typename":"CountryName"}},{"id":"6416453038394","ean":"6416453038394","name":"Fazer Remix X-mas karkkipussi 500g","price":3.89,"storeId":725782447,"__typename":"Product","approxPrice":false,"basicQuantityUnit":"KPL","comparisonPrice":7.78,"comparisonUnit":"KGM","consumerPackageSize":null,"consumerPackageUnit":null,"priceUnit":"KPL","quantityMultiplier":1,"brandName":"Fazer","slug":"fazer-remix-x-mas-karkkipussi-500g","isAgeLimitedByAlcohol":false,"frozen":false,"packagingLabels":["Avainlippu"],"packagingLabelCodes":["MADE_IN_FINLAND_FLAG_WITH_KEY"],"hierarchyPath":[{"id":"Herkku_00000340","name":"Sokerimakeiset","slug":"makeiset-ja-naposteltavat-1/sesonki-ja-lahjamakeiset/sokerimakeiset","__typename":"HierarchyPathItem"},{"id":"Herkku_00000061","name":"Sesonki- ja lahjamakeiset","slug":"makeiset-ja-naposteltavat-1/sesonki-ja-lahjamakeiset","__typename":"HierarchyPathItem"},{"id":"Herkku_00000009","name":"Makeiset ja naposteltavat","slug":"makeiset-ja-naposteltavat-1","__typename":"HierarchyPathItem"}],"isGlobalFallback":null,"countryName":{"fi":"Suomi","__typename":"CountryName"}},{"id":"6416453039155","ean":"6416453039155","name":"Fazer Suffeli Puffi Snacks suklaa karkkipussi 180g","price":3.35,"storeId":725782447,"__typename":"Product","approxPrice":false,"basicQuantityUnit":"KPL","comparisonPrice":18.61,"comparisonUnit":"KGM","consumerPackageSize":null,"consumerPackageUnit":null,"priceUnit":"KPL","quantityMultiplier":1,"brandName":"Fazer","slug":"fazer-suffeli-puffi-snacks-suklaa-karkkipussi-180g","isAgeLimitedByAlcohol":false,"frozen":false,"packagingLabels":[],"packagingLabelCodes":[],"hierarchyPath":[{"id":"Herkku_00000326","name":"Suklaa","slug":"makeiset-ja-naposteltavat-1/karkkipussit/suklaa","__typename":"HierarchyPathItem"},{"id":"Herkku_00000055","name":"Karkkipussit","slug":"makeiset-ja-naposteltavat-1/karkkipussit","__typename":"HierarchyPathItem"},{"id":"Herkku_00000009","name":"Makeiset ja naposteltavat","slug":"makeiset-ja-naposteltavat-1","__typename":"HierarchyPathItem"}],"isGlobalFallback":null,"countryName":{"fi":"Suomi","__typename":"CountryName"}},{"id":"6416453039919","ean":"6416453039919","name":"Fazer Amerikan pastilli maitosuklaarae karkkipussi 175g","price":2.99,"storeId":725782447,"__typename":"Product","approxPrice":false,"basicQuantityUnit":"KPL","comparisonPrice":17.09,"comparisonUnit":"KGM","consumerPackageSize":null,"consumerPackageUnit":null,"priceUnit":"KPL","quantityMultiplier":1,"brandName":"Fazer","slug":"fazer-amerikan-pastilli-maitosuklaarae-karkkipussi-175g","isAgeLimitedByAlcohol":false,"frozen":false,"packagingLabels":["Avainlippu"],"packagingLabelCodes":["MADE_IN_FINLAND_FLAG_WITH_KEY"],"hierarchyPath":[{"id":"Herkku_00000326","name":"Suklaa","slug":"makeiset-ja-naposteltavat-1/karkkipussit/suklaa","__typename":"HierarchyPathItem"},{"id":"Herkku_00000055","name":"Karkkipussit","slug":"makeiset-ja-naposteltavat-1/karkkipussit","__typename":"HierarchyPathItem"},{"id":"Herkku_00000009","name":"Makeiset ja naposteltavat","slug":"makeiset-ja-naposteltavat-1","__typename":"HierarchyPathItem"}],"isGlobalFallback":null,"countryName":{"fi":"Suomi","__typename":"CountryName"}},{"id":"6416453040854","ean":"6416453040854","name":"Fazer Tutti Frutti sokeriton hedelmä pastilli 40 g","price":1.85,"storeId":725782447,"__typename":"Product","approxPrice":false,"basicQuantityUnit":"KPL","comparisonPrice":46.25,"comparisonUnit":"KGM","consumerPackageSize":null,"consumerPackageUnit":null,"priceUnit":"KPL","quantityMultiplier":1,"brandName":"Fazer","slug":"fazer-tutti-frutti-sokeriton-hedelma-pastilli-40-g","isAgeLimitedByAlcohol":false,"frozen":false,"packagingLabels":["Avainlippu"," Kierrätysmerkki"],"packagingLabelCodes":["MADE_IN_FINLAND_FLAG_WITH_KEY"," RECYCLABLE_GENERAL_CLAIM"],"hierarchyPath":[{"id":"Herkku_00000329","name":"Muut pastillit","slug":"makeiset-ja-naposteltavat-1/pastillit/muut-pastillit","__typename":"HierarchyPathItem"},{"id":"Herkku_00000058","name":"Pastillit","slug":"makeiset-ja-naposteltavat-1/pastillit","__typename":"HierarchyPathItem"},{"id":"Herkku_00000009","name":"Makeiset ja naposteltavat","slug":"makeiset-ja-naposteltavat-1","__typename":"HierarchyPathItem"}],"isGlobalFallback":null,"countryName":{"fi":"Suomi","__typename":"CountryName"}},{"id":"6416453040861","ean":"6416453040861","name":"Fazer Tyrkisk Peber sokeriton salmiakkalakritsi pastilli 40g","price":1.85,"storeId":725782447,"__typename":"Product","approxPrice":false,"basicQuantityUnit":"KPL","comparisonPrice":46.25,"comparisonUnit":"KGM","consumerPackageSize":null,"consumerPackageUnit":null,"priceUnit":"KPL","quantityMultiplier":1,"brandName":"Fazer","slug":"fazer-tyrkisk-peber-sokeriton-salmiakkalakritsi-pastilli-40g","isAgeLimitedByAlcohol":false,"frozen":false,"packagingLabels":["Avainlippu"," Kierrätysmerkki"],"packagingLabelCodes":["MADE_IN_FINLAND_FLAG_WITH_KEY"," RECYCLABLE_GENERAL_CLAIM"],"hierarchyPath":[{"id":"Herkku_00000329","name":"Muut pastillit","slug":"makeiset-ja-naposteltavat-1/pastillit/muut-pastillit","__typename":"HierarchyPathItem"},{"id":"Herkku_00000058","name":"Pastillit","slug":"makeiset-ja-naposteltavat-1/pastillit","__typename":"HierarchyPathItem"},{"id":"Herkku_00000009","name":"Makeiset ja naposteltavat","slug":"makeiset-ja-naposteltavat-1","__typename":"HierarchyPathItem"}],"isGlobalFallback":null,"countryName":{"fi":"Suomi","__typename":"CountryName"}},{"id":"6416453042124","ean":"6416453042124","name":"Fazer Remix Bestis karkkipussi 500g","price":4.45,"storeId":725782447,"__typename":"Product","approxPrice":false,"basicQuantityUnit":"KPL","comparisonPrice":8.9,"comparisonUnit":"KGM","consumerPackageSize":null,"consumerPackageUnit":null,"priceUnit":"KPL","quantityMultiplier":1,"brandName":"Fazer","slug":"fazer-remix-bestis-karkkipussi-500g","isAgeLimitedByAlcohol":false,"frozen":false,"packagingLabels":["Avainlippu"," Kierrätysmerkki"],"packagingLabelCodes":["MADE_IN_FINLAND_FLAG_WITH_KEY"," RECYCLABLE_GENERAL_CLAIM"],"hierarchyPath":[{"id":"Herkku_00000322","name":"Hedelmä","slug":"makeiset-ja-naposteltavat-1/karkkipussit/hedelma","__typename":"HierarchyPathItem"},{"id":"Herkku_00000055","name":"Karkkipussit","slug":"makeiset-ja-naposteltavat-1/karkkipussit","__typename":"HierarchyPathItem"},{"id":"Herkku_00000009","name":"Makeiset ja naposteltavat","slug":"makeiset-ja-naposteltavat-1","__typename":"HierarchyPathItem"}],"isGlobalFallback":null,"countryName":{"fi":"Suomi","__typename":"CountryName"}},{"id":"6416453042155","ean":"6416453042155","name":"Fazer Remix Hevix karkkipussi 350g","price":3.35,"storeId":725782447,"__typename":"Product","approxPrice":false,"basicQuantityUnit":"KPL","comparisonPrice":9.57,"comparisonUnit":"KGM","consumerPackageSize":null,"consumerPackageUnit":null,"priceUnit":"KPL","quantityMultiplier":1,"brandName":"Fazer","slug":"fazer-remix-hevix-karkkipussi-350g","isAgeLimitedByAlcohol":false,"frozen":false,"packagingLabels":["Avainlippu"," Kierrätysmerkki"],"packagingLabelCodes":["MADE_IN_FINLAND_FLAG_WITH_KEY"," RECYCLABLE_GENERAL_CLAIM"],"hierarchyPath":[{"id":"Herkku_00000322","name":"Hedelmä","slug":"makeiset-ja-naposteltavat-1/karkkipussit/hedelma","__typename":"HierarchyPathItem"},{"id":"Herkku_00000055","name":"Karkkipussit","slug":"makeiset-ja-naposteltavat-1/karkkipussit","__typename":"HierarchyPathItem"},{"id":"Herkku_00000009","name":"Makeiset ja naposteltavat","slug":"makeiset-ja-naposteltavat-1","__typename":"HierarchyPathItem"}],"isGlobalFallback":null,"countryName":{"fi":"Suomi","__typename":"CountryName"}},{"id":"6416453049109","ean":"6416453049109","name":"Fazer Tutti Frutti Besties karkkipussi 500g","price":4.45,"storeId":725782447,"__typename":"Product","approxPrice":false,"basicQuantityUnit":"KPL","comparisonPrice":8.9,"comparisonUnit":"KGM","consumerPackageSize":null,"consumerPackageUnit":null,"priceUnit":"KPL","quantityMultiplier":1,"brandName":"Fazer","slug":"fazer-tutti-frutti-besties-karkkipussi-500g","isAgeLimitedByAlcohol":false,"frozen":false,"packagingLabels":["Avainlippu"," Green Dot"," Kierrätysmerkki"],"packagingLabelCodes":["GREEN_DOT"," MADE_IN_FINLAND_FLAG_WITH_KEY"," RECYCLABLE_GENERAL_CLAIM"],"hierarchyPath":[{"id":"Herkku_00000322","name":"Hedelmä","slug":"makeiset-ja-naposteltavat-1/karkkipussit/hedelma","__typename":"HierarchyPathItem"},{"id":"Herkku_00000055","name":"Karkkipussit","slug":"makeiset-ja-naposteltavat-1/karkkipussit","__typename":"HierarchyPathItem"},{"id":"Herkku_00000009","name":"Makeiset ja naposteltavat","slug":"makeiset-ja-naposteltavat-1","__typename":"HierarchyPathItem"}],"isGlobalFallback":null,"countryName":{"fi":"Suomi","__typename":"CountryName"}},{"id":"6416453054691","ean":"6416453054691","name":"Fazer Jaffa Vihreät kuulat suklaalla kuorrutettu leivoskeksi, joissa marmeladitäytettä 300g","price":3.35,"storeId":725782447,"__typename":"Product","approxPrice":false,"basicQuantityUnit":"KPL","comparisonPrice":11.17,"comparisonUnit":"KGM","consumerPackageSize":null,"consumerPackageUnit":null,"priceUnit":"KPL","quantityMultiplier":1,"brandName":"Fazer","slug":"fazer-jaffa-vihreat-kuulat-suklaalla-kuorrutettu-leivoskeksi-joissa-marmeladitaytetta-300g","isAgeLimitedByAlcohol":false,"frozen":false,"packagingLabels":["Avainlippu"," Kierrätysmerkki"],"packagingLabelCodes":["MADE_IN_FINLAND_FLAG_WITH_KEY"," RECYCLABLE_GENERAL_CLAIM"],"hierarchyPath":[{"id":"1591691259195604","name":"Makeat keksit","slug":"joulu-0/joulun-herkutteluun/makeat-keksit","__typename":"HierarchyPathItem"},{"id":"1591691259195581","name":"Joulun herkutteluun","slug":"joulu-0/joulun-herkutteluun","__typename":"HierarchyPathItem"},{"id":"1591691259195579","name":"Joulu","slug":"joulu-0","__typename":"HierarchyPathItem"}],"isGlobalFallback":null,"countryName":{"fi":"Suomi","__typename":"CountryName"}},{"id":"6416453061361","ean":"6416453061361","name":"Fazer Lakritsi Original 20g","price":0.35,"storeId":725782447,"__typename":"Product","approxPrice":false,"basicQuantityUnit":"KPL","comparisonPrice":17.5,"comparisonUnit":"KGM","consumerPackageSize":null,"consumerPackageUnit":null,"priceUnit":"KPL","quantityMultiplier":1,"brandName":"Fazer","slug":"fazer-lakritsi-original-20g","isAgeLimitedByAlcohol":false,"frozen":false,"packagingLabels":["Avainlippu"," Green Dot"," Kierrätysmerkki"],"packagingLabelCodes":["GREEN_DOT"," MADE_IN_FINLAND_FLAG_WITH_KEY"," RECYCLABLE_GENERAL_CLAIM"],"hierarchyPath":[{"id":"Herkku_00000318","name":"Lakritsi","slug":"makeiset-ja-naposteltavat-1/muut-makeiset/lakritsi","__typename":"HierarchyPathItem"},{"id":"Herkku_00000057","name":"Muut makeiset","slug":"makeiset-ja-naposteltavat-1/muut-makeiset","__typename":"HierarchyPathItem"},{"id":"Herkku_00000009","name":"Makeiset ja naposteltavat","slug":"makeiset-ja-naposteltavat-1","__typename":"HierarchyPathItem"}],"isGlobalFallback":null,"countryName":{"fi":"Suomi","__typename":"CountryName"}},{"id":"6416453061637","ean":"6416453061637","name":"Fazer Dumle toffee karkkipatukka 20g","price":0.35,"storeId":725782447,"__typename":"Product","approxPrice":false,"basicQuantityUnit":"KPL","comparisonPrice":17.5,"comparisonUnit":"KGM","consumerPackageSize":null,"consumerPackageUnit":null,"priceUnit":"KPL","quantityMultiplier":1,"brandName":"Fazer","slug":"fazer-dumle-toffee-karkkipatukka-20g","isAgeLimitedByAlcohol":false,"frozen":false,"packagingLabels":["Avainlippu"," Green Dot"," Kierrätysmerkki"],"packagingLabelCodes":["GREEN_DOT"," MADE_IN_FINLAND_FLAG_WITH_KEY"," RECYCLABLE_GENERAL_CLAIM"],"hierarchyPath":[{"id":"Herkku_00000318","name":"Lakritsi","slug":"makeiset-ja-naposteltavat-1/muut-makeiset/lakritsi","__typename":"HierarchyPathItem"},{"id":"Herkku_00000057","name":"Muut makeiset","slug":"makeiset-ja-naposteltavat-1/muut-makeiset","__typename":"HierarchyPathItem"},{"id":"Herkku_00000009","name":"Makeiset ja naposteltavat","slug":"makeiset-ja-naposteltavat-1","__typename":"HierarchyPathItem"}],"isGlobalFallback":null,"countryName":{"fi":"Suomi","__typename":"CountryName"}},{"id":"6416453066151","ean":"6416453066151","name":"Fazer Tutti Frutti Fruity Choco Chewies chocolate bag 150g","price":2.79,"storeId":725782447,"__typename":"Product","approxPrice":false,"basicQuantityUnit":"KPL","comparisonPrice":18.6,"comparisonUnit":"KGM","consumerPackageSize":null,"consumerPackageUnit":null,"priceUnit":"KPL","quantityMultiplier":1,"brandName":"Fazer","slug":"fazer-tutti-frutti-fruity-choco-chewies-chocolate-bag-150g","isAgeLimitedByAlcohol":false,"frozen":false,"packagingLabels":["Avainlippu"," Kierrätysmerkki"],"packagingLabelCodes":["MADE_IN_FINLAND_FLAG_WITH_KEY"," RECYCLABLE_GENERAL_CLAIM"],"hierarchyPath":[{"id":"Herkku_00000326","name":"Suklaa","slug":"makeiset-ja-naposteltavat-1/karkkipussit/suklaa","__typename":"HierarchyPathItem"},{"id":"Herkku_00000055","name":"Karkkipussit","slug":"makeiset-ja-naposteltavat-1/karkkipussit","__typename":"HierarchyPathItem"},{"id":"Herkku_00000009","name":"Makeiset ja naposteltavat","slug":"makeiset-ja-naposteltavat-1","__typename":"HierarchyPathItem"}],"isGlobalFallback":null,"countryName":{"fi":"Suomi","__typename":"CountryName"}},{"id":"6416453066205","ean":"6416453066205","name":"Fazer Tutti Frutti Garden Mix karkkipussi 325g","price":3.35,"storeId":725782447,"__typename":"Product","approxPrice":false,"basicQuantityUnit":"KPL","comparisonPrice":10.31,"comparisonUnit":"KGM","consumerPackageSize":null,"consumerPackageUnit":null,"priceUnit":"KPL","quantityMultiplier":1,"brandName":"Fazer","slug":"fazer-tutti-frutti-garden-mix-karkkipussi-325g","isAgeLimitedByAlcohol":false,"frozen":false,"packagingLabels":["Avainlippu"," Green Dot"," Kierrätysmerkki"],"packagingLabelCodes":["GREEN_DOT"," MADE_IN_FINLAND_FLAG_WITH_KEY"," RECYCLABLE_GENERAL_CLAIM"],"hierarchyPath":[{"id":"Herkku_00000322","name":"Hedelmä","slug":"makeiset-ja-naposteltavat-1/karkkipussit/hedelma","__typename":"HierarchyPathItem"},{"id":"Herkku_00000055","name":"Karkkipussit","slug":"makeiset-ja-naposteltavat-1/karkkipussit","__typename":"HierarchyPathItem"},{"id":"Herkku_00000009","name":"Makeiset ja naposteltavat","slug":"makeiset-ja-naposteltavat-1","__typename":"HierarchyPathItem"}],"isGlobalFallback":null,"countryName":{"fi":"Suomi","__typename":"CountryName"}},{"id":"6416453071117","ean":"6416453071117","name":"Karl Fazer maitosuklaakonvehteja 270g","price":4.25,"storeId":725782447,"__typename":"Product","approxPrice":false,"basicQuantityUnit":"KPL","comparisonPrice":15.74,"comparisonUnit":"KGM","consumerPackageSize":null,"consumerPackageUnit":null,"priceUnit":"KPL","quantityMultiplier":1,"brandName":"Fazer","slug":"karl-fazer-maitosuklaakonvehteja-270g","isAgeLimitedByAlcohol":false,"frozen":false,"packagingLabels":["Green Dot"],"packagingLabelCodes":["GREEN_DOT"],"hierarchyPath":[{"id":"Herkku_00000326","name":"Suklaa","slug":"makeiset-ja-naposteltavat-1/karkkipussit/suklaa","__typename":"HierarchyPathItem"},{"id":"Herkku_00000055","name":"Karkkipussit","slug":"makeiset-ja-naposteltavat-1/karkkipussit","__typename":"HierarchyPathItem"},{"id":"Herkku_00000009","name":"Makeiset ja naposteltavat","slug":"makeiset-ja-naposteltavat-1","__typename":"HierarchyPathItem"}],"isGlobalFallback":null,"countryName":{"fi":"Suomi","__typename":"CountryName"}},{"id":"6416453071124","ean":"6416453071124","name":"Fazer Geisha hasselpähkinänougat suklaakonvehti 270 g","price":4.25,"storeId":725782447,"__typename":"Product","approxPrice":false,"basicQuantityUnit":"KPL","comparisonPrice":15.74,"comparisonUnit":"KGM","consumerPackageSize":null,"consumerPackageUnit":null,"priceUnit":"KPL","quantityMultiplier":1,"brandName":"Fazer","slug":"fazer-geisha-hasselpahkinanougat-suklaakonvehti-270-g","isAgeLimitedByAlcohol":false,"frozen":false,"packagingLabels":["Green Dot"],"packagingLabelCodes":["GREEN_DOT"],"hierarchyPath":[{"id":"Herkku_00000326","name":"Suklaa","slug":"makeiset-ja-naposteltavat-1/karkkipussit/suklaa","__typename":"HierarchyPathItem"},{"id":"Herkku_00000055","name":"Karkkipussit","slug":"makeiset-ja-naposteltavat-1/karkkipussit","__typename":"HierarchyPathItem"},{"id":"Herkku_00000009","name":"Makeiset ja naposteltavat","slug":"makeiset-ja-naposteltavat-1","__typename":"HierarchyPathItem"}],"isGlobalFallback":null,"countryName":{"fi":"Suomi","__typename":"CountryName"}},{"id":"6416453071162","ean":"6416453071162","name":"Karl Fazer maitosuklaa ja valkosuklaa konvehteja 270g","price":4.25,"storeId":725782447,"__typename":"Product","approxPrice":false,"basicQuantityUnit":"KPL","comparisonPrice":15.74,"comparisonUnit":"KGM","consumerPackageSize":null,"consumerPackageUnit":null,"priceUnit":"KPL","quantityMultiplier":1,"brandName":"Fazer","slug":"karl-fazer-maitosuklaa-ja-valkosuklaa-konvehteja-270g","isAgeLimitedByAlcohol":false,"frozen":false,"packagingLabels":["Green Dot"],"packagingLabelCodes":["GREEN_DOT"],"hierarchyPath":[{"id":"Herkku_00000326","name":"Suklaa","slug":"makeiset-ja-naposteltavat-1/karkkipussit/suklaa","__typename":"HierarchyPathItem"},{"id":"Herkku_00000055","name":"Karkkipussit","slug":"makeiset-ja-naposteltavat-1/karkkipussit","__typename":"HierarchyPathItem"},{"id":"Herkku_00000009","name":"Makeiset ja naposteltavat","slug":"makeiset-ja-naposteltavat-1","__typename":"HierarchyPathItem"}],"isGlobalFallback":null,"countryName":{"fi":"Suomi","__typename":"CountryName"}},{"id":"6416453071537","ean":"6416453071537","name":"Fazer Julia marmeladitäytteinen tumma suklaakonvehti  320g","price":4.25,"storeId":725782447,"__typename":"Product","approxPrice":false,"basicQuantityUnit":"KPL","comparisonPrice":13.28,"comparisonUnit":"KGM","consumerPackageSize":null,"consumerPackageUnit":null,"priceUnit":"KPL","quantityMultiplier":1,"brandName":"Fazer","slug":"fazer-julia-marmeladitaytteinen-tumma-suklaakonvehti-320g","isAgeLimitedByAlcohol":false,"frozen":false,"packagingLabels":[],"packagingLabelCodes":[],"hierarchyPath":[{"id":"Herkku_00000326","name":"Suklaa","slug":"makeiset-ja-naposteltavat-1/karkkipussit/suklaa","__typename":"HierarchyPathItem"},{"id":"Herkku_00000055","name":"Karkkipussit","slug":"makeiset-ja-naposteltavat-1/karkkipussit","__typename":"HierarchyPathItem"},{"id":"Herkku_00000009","name":"Makeiset ja naposteltavat","slug":"makeiset-ja-naposteltavat-1","__typename":"HierarchyPathItem"}],"isGlobalFallback":null,"countryName":{"fi":"Suomi","__typename":"CountryName"}},{"id":"6416453071636","ean":"6416453071636","name":"Karl Fazer vaalea maitosuklaa suklaakonvehti 270g","price":4.25,"storeId":725782447,"__typename":"Product","approxPrice":false,"basicQuantityUnit":"KPL","comparisonPrice":15.74,"comparisonUnit":"KGM","consumerPackageSize":null,"consumerPackageUnit":null,"priceUnit":"KPL","quantityMultiplier":1,"brandName":"Karl Fazer","slug":"karl-fazer-vaalea-maitosuklaa-suklaakonvehti-270g","isAgeLimitedByAlcohol":false,"frozen":false,"packagingLabels":["Green Dot"," Kierrätysmerkki"],"packagingLabelCodes":["GREEN_DOT"," RECYCLABLE_GENERAL_CLAIM"],"hierarchyPath":[{"id":"Herkku_00000326","name":"Suklaa","slug":"makeiset-ja-naposteltavat-1/karkkipussit/suklaa","__typename":"HierarchyPathItem"},{"id":"Herkku_00000055","name":"Karkkipussit","slug":"makeiset-ja-naposteltavat-1/karkkipussit","__typename":"HierarchyPathItem"},{"id":"Herkku_00000009","name":"Makeiset ja naposteltavat","slug":"makeiset-ja-naposteltavat-1","__typename":"HierarchyPathItem"}],"isGlobalFallback":null,"countryName":{"fi":"Suomi","__typename":"CountryName"}},{"id":"6416453072480","ean":"6416453072480","name":"Fazer Klassikot suklaakonvehtirasia 290g","price":3.95,"storeId":725782447,"__typename":"Product","approxPrice":false,"basicQuantityUnit":"KPL","comparisonPrice":13.62,"comparisonUnit":"KGM","consumerPackageSize":null,"consumerPackageUnit":null,"priceUnit":"KPL","quantityMultiplier":1,"brandName":"Fazer","slug":"fazer-klassikot-suklaakonvehtirasia-290g","isAgeLimitedByAlcohol":false,"frozen":false,"packagingLabels":["Green Dot"," Kierrätysmerkki"],"packagingLabelCodes":["GREEN_DOT"," RECYCLABLE_GENERAL_CLAIM"],"hierarchyPath":[{"id":"Herkku_00000343","name":"Konvehtirasiat","slug":"makeiset-ja-naposteltavat-1/sesonki-ja-lahjamakeiset/konvehtirasiat","__typename":"HierarchyPathItem"},{"id":"Herkku_00000061","name":"Sesonki- ja lahjamakeiset","slug":"makeiset-ja-naposteltavat-1/sesonki-ja-lahjamakeiset","__typename":"HierarchyPathItem"},{"id":"Herkku_00000009","name":"Makeiset ja naposteltavat","slug":"makeiset-ja-naposteltavat-1","__typename":"HierarchyPathItem"}],"isGlobalFallback":null,"countryName":{"fi":"Suomi","__typename":"CountryName"}},{"id":"6416453073494","ean":"6416453073494","name":"Fazer Jyväshyvä Suklaapisara kaurakeksi 350g","price":3.39,"storeId":725782447,"__typename":"Product","approxPrice":false,"basicQuantityUnit":"KPL","comparisonPrice":9.69,"comparisonUnit":"KGM","consumerPackageSize":null,"consumerPackageUnit":null,"priceUnit":"KPL","quantityMultiplier":1,"brandName":"Fazer","slug":"fazer-jyvashyva-suklaapisara-kaurakeksi-350g","isAgeLimitedByAlcohol":false,"frozen":false,"packagingLabels":["Avainlippu"],"packagingLabelCodes":["MADE_IN_FINLAND_FLAG_WITH_KEY"],"hierarchyPath":[{"id":"Herkku_00000369","name":"Muut keksit ja kahvikeksit","slug":"leivat-keksit-ja-leivonnaiset-1/keksit/muut-keksit-ja-kahvikeksit","__typename":"HierarchyPathItem"},{"id":"Herkku_00000065","name":"Keksit","slug":"leivat-keksit-ja-leivonnaiset-1/keksit","__typename":"HierarchyPathItem"},{"id":"Herkku_00000008","name":"Leivät, keksit ja leivonnaiset","slug":"leivat-keksit-ja-leivonnaiset-1","__typename":"HierarchyPathItem"}],"isGlobalFallback":null,"countryName":{"fi":"Suomi","__typename":"CountryName"}},{"id":"6416453073715","ean":"6416453073715","name":"Fazer Fasupala Original toffee vohvelikeksi 215g","price":3.79,"storeId":725782447,"__typename":"Product","approxPrice":false,"basicQuantityUnit":"KPL","comparisonPrice":17.63,"comparisonUnit":"KGM","consumerPackageSize":null,"consumerPackageUnit":null,"priceUnit":"KPL","quantityMultiplier":1,"brandName":"Fazer","slug":"fazer-fasupala-original-toffee-vohvelikeksi-215g","isAgeLimitedByAlcohol":false,"frozen":false,"packagingLabels":["Avainlippu"],"packagingLabelCodes":["MADE_IN_FINLAND_FLAG_WITH_KEY"],"hierarchyPath":[{"id":"Herkku_00000361","name":"Muut keksit","slug":"leivat-keksit-ja-leivonnaiset-1/keksit/muut-keksit","__typename":"HierarchyPathItem"},{"id":"Herkku_00000065","name":"Keksit","slug":"leivat-keksit-ja-leivonnaiset-1/keksit","__typename":"HierarchyPathItem"},{"id":"Herkku_00000008","name":"Leivät, keksit ja leivonnaiset","slug":"leivat-keksit-ja-leivonnaiset-1","__typename":"HierarchyPathItem"}],"isGlobalFallback":null,"countryName":{"fi":"Suomi","__typename":"CountryName"}},{"id":"6416453074651","ean":"6416453074651","name":"Fazer Domino Marianne Toffee täytekeksi 350g","price":4.19,"storeId":725782447,"__typename":"Product","approxPrice":false,"basicQuantityUnit":"KPL","comparisonPrice":11.97,"comparisonUnit":"KGM","consumerPackageSize":null,"consumerPackageUnit":null,"priceUnit":"KPL","quantityMultiplier":1,"brandName":"Fazer","slug":"fazer-domino-marianne-toffee-taytekeksi-350g","isAgeLimitedByAlcohol":false,"frozen":false,"packagingLabels":["Avainlippu"," Kierrätysmerkki"],"packagingLabelCodes":["MADE_IN_FINLAND_FLAG_WITH_KEY"," RECYCLABLE_GENERAL_CLAIM"],"hierarchyPath":null,"isGlobalFallback":null,"countryName":{"fi":"Suomi","__typename":"CountryName"}},{"id":"6416453075122","ean":"6416453075122","name":"Fazer Domino Original vaniljanmakuinen täytekeksi 350g","price":4.19,"storeId":725782447,"__typename":"Product","approxPrice":false,"basicQuantityUnit":"KPL","comparisonPrice":11.97,"comparisonUnit":"KGM","consumerPackageSize":null,"consumerPackageUnit":null,"priceUnit":"KPL","quantityMultiplier":1,"brandName":"Fazer","slug":"fazer-domino-original-vaniljanmakuinen-taytekeksi-350g","isAgeLimitedByAlcohol":false,"frozen":false,"packagingLabels":["Avainlippu"," Kierrätysmerkki"],"packagingLabelCodes":["MADE_IN_FINLAND_FLAG_WITH_KEY"," RECYCLABLE_GENERAL_CLAIM"],"hierarchyPath":null,"isGlobalFallback":null,"countryName":{"fi":"Suomi","__typename":"CountryName"}},{"id":"6416453075498","ean":"6416453075498","name":"Fazer Domino Pätkis keksi 180g","price":2.85,"storeId":725782447,"__typename":"Product","approxPrice":false,"basicQuantityUnit":"KPL","comparisonPrice":15.83,"comparisonUnit":"PCE","consumerPackageSize":null,"consumerPackageUnit":null,"priceUnit":"KPL","quantityMultiplier":1,"brandName":"Fazer","slug":"fazer-domino-patkis-keksi-180g","isAgeLimitedByAlcohol":false,"frozen":false,"packagingLabels":["Avainlippu"," Kierrätysmerkki"],"packagingLabelCodes":["MADE_IN_FINLAND_FLAG_WITH_KEY"," RECYCLABLE_GENERAL_CLAIM"],"hierarchyPath":null,"isGlobalFallback":null,"countryName":{"fi":"Suomi","__typename":"CountryName"}},{"id":"6416453084018","ean":"6416453084018","name":"Fazer Suklaapiparkakku 175 g","price":2.35,"storeId":725782447,"__typename":"Product","approxPrice":false,"basicQuantityUnit":"KPL","comparisonPrice":13.43,"comparisonUnit":"KGM","consumerPackageSize":null,"consumerPackageUnit":null,"priceUnit":"KPL","quantityMultiplier":1,"brandName":"Fazer","slug":"fazer-suklaapiparkakku-175-g","isAgeLimitedByAlcohol":false,"frozen":false,"packagingLabels":["Avainlippu"],"packagingLabelCodes":["MADE_IN_FINLAND_FLAG_WITH_KEY"],"hierarchyPath":[{"id":"Herkku_00000371","name":"Piparkakut","slug":"leivat-keksit-ja-leivonnaiset-1/keksit/piparkakut","__typename":"HierarchyPathItem"},{"id":"Herkku_00000065","name":"Keksit","slug":"leivat-keksit-ja-leivonnaiset-1/keksit","__typename":"HierarchyPathItem"},{"id":"Herkku_00000008","name":"Leivät, keksit ja leivonnaiset","slug":"leivat-keksit-ja-leivonnaiset-1","__typename":"HierarchyPathItem"}],"isGlobalFallback":null,"countryName":{"fi":"Suomi","__typename":"CountryName"}},{"id":"6416453084056","ean":"6416453084056","name":"Fazer Suklaapiparkakku Marianne 175g","price":2.35,"storeId":725782447,"__typename":"Product","approxPrice":false,"basicQuantityUnit":"KPL","comparisonPrice":13.43,"comparisonUnit":"PCE","consumerPackageSize":null,"consumerPackageUnit":null,"priceUnit":"KPL","quantityMultiplier":1,"brandName":"Fazer","slug":"fazer-suklaapiparkakku-marianne-175g","isAgeLimitedByAlcohol":false,"frozen":false,"packagingLabels":["Avainlippu"," Kierrätysmerkki"],"packagingLabelCodes":["MADE_IN_FINLAND_FLAG_WITH_KEY"," RECYCLABLE_GENERAL_CLAIM"],"hierarchyPath":[{"id":"Herkku_00000371","name":"Piparkakut","slug":"leivat-keksit-ja-leivonnaiset-1/keksit/piparkakut","__typename":"HierarchyPathItem"},{"id":"Herkku_00000065","name":"Keksit","slug":"leivat-keksit-ja-leivonnaiset-1/keksit","__typename":"HierarchyPathItem"},{"id":"Herkku_00000008","name":"Leivät, keksit ja leivonnaiset","slug":"leivat-keksit-ja-leivonnaiset-1","__typename":"HierarchyPathItem"}],"isGlobalFallback":null,"countryName":{"fi":"Suomi","__typename":"CountryName"}},{"id":"6416453084773","ean":"6416453084773","name":"Fazer Carneval keksi 175g","price":3.45,"storeId":725782447,"__typename":"Product","approxPrice":false,"basicQuantityUnit":"KPL","comparisonPrice":19.71,"comparisonUnit":"KGM","consumerPackageSize":null,"consumerPackageUnit":null,"priceUnit":"KPL","quantityMultiplier":1,"brandName":"Fazer","slug":"fazer-carneval-keksi-175g","isAgeLimitedByAlcohol":false,"frozen":false,"packagingLabels":["Avainlippu"],"packagingLabelCodes":["MADE_IN_FINLAND_FLAG_WITH_KEY"],"hierarchyPath":[{"id":"1591691253758969","name":"Lasten keksit","slug":"leivat-keksit-ja-leivonnaiset-1/keksit/lasten-keksit","__typename":"HierarchyPathItem"},{"id":"Herkku_00000065","name":"Keksit","slug":"leivat-keksit-ja-leivonnaiset-1/keksit","__typename":"HierarchyPathItem"},{"id":"Herkku_00000008","name":"Leivät, keksit ja leivonnaiset","slug":"leivat-keksit-ja-leivonnaiset-1","__typename":"HierarchyPathItem"}],"isGlobalFallback":null,"countryName":{"fi":"Suomi","__typename":"CountryName"}},{"id":"6416453334229","ean":"6416453334229","name":"Oululainen Jälkiuuni Ruohosipuli ruislastu 130g","price":2.69,"storeId":725782447,"__typename":"Product","approxPrice":false,"basicQuantityUnit":"KPL","comparisonPrice":20.69,"comparisonUnit":"KGM","consumerPackageSize":null,"consumerPackageUnit":null,"priceUnit":"KPL","quantityMultiplier":1,"brandName":"Oululainen","slug":"oululainen-jalkiuuni-ruohosipuli-ruislastu-130g","isAgeLimitedByAlcohol":false,"frozen":false,"packagingLabels":["Hyvää Suomesta (Sininen Joutsen)"," Kierrätysmerkki"],"packagingLabelCodes":["GOODS_FROM_FINLAND_BLUE_SWAN"," RECYCLABLE_GENERAL_CLAIM"],"hierarchyPath":[{"id":"Herkku_00000313","name":"Naposteltavat kuivat leivät","slug":"leivat-keksit-ja-leivonnaiset-1/nakkileivat-ja-hapankorput/naposteltavat-kuivat-leivat","__typename":"HierarchyPathItem"},{"id":"Herkku_00000052","name":"Näkkileivät ja hapankorput","slug":"leivat-keksit-ja-leivonnaiset-1/nakkileivat-ja-hapankorput","__typename":"HierarchyPathItem"},{"id":"Herkku_00000008","name":"Leivät, keksit ja leivonnaiset","slug":"leivat-keksit-ja-leivonnaiset-1","__typename":"HierarchyPathItem"}],"isGlobalFallback":null,"countryName":{"fi":"Suomi","__typename":"CountryName"}},{"id":"6416453334236","ean":"6416453334236","name":"Oululainen Jälkiuuni Merisuola ruislastu 130g","price":2.69,"storeId":725782447,"__typename":"Product","approxPrice":false,"basicQuantityUnit":"KPL","comparisonPrice":20.69,"comparisonUnit":"KGM","consumerPackageSize":null,"consumerPackageUnit":null,"priceUnit":"KPL","quantityMultiplier":1,"brandName":"Oululainen","slug":"oululainen-jalkiuuni-merisuola-ruislastu-130g","isAgeLimitedByAlcohol":false,"frozen":false,"packagingLabels":["Hyvää Suomesta (Sininen Joutsen)"," Kierrätysmerkki"],"packagingLabelCodes":["GOODS_FROM_FINLAND_BLUE_SWAN"," RECYCLABLE_GENERAL_CLAIM"],"hierarchyPath":[{"id":"Herkku_00000313","name":"Naposteltavat kuivat leivät","slug":"leivat-keksit-ja-leivonnaiset-1/nakkileivat-ja-hapankorput/naposteltavat-kuivat-leivat","__typename":"HierarchyPathItem"},{"id":"Herkku_00000052","name":"Näkkileivät ja hapankorput","slug":"leivat-keksit-ja-leivonnaiset-1/nakkileivat-ja-hapankorput","__typename":"HierarchyPathItem"},{"id":"Herkku_00000008","name":"Leivät, keksit ja leivonnaiset","slug":"leivat-keksit-ja-leivonnaiset-1","__typename":"HierarchyPathItem"}],"isGlobalFallback":null,"countryName":{"fi":"Suomi","__typename":"CountryName"}},{"id":"6416453554641","ean":"6416453554641","name":"Fazer Jaffa Appelsiini 300g 24kpl  suklaalla kuorrutettu leivoskeksi, jossa appelsiininmakuista täytettä","price":3.35,"storeId":725782447,"__typename":"Product","approxPrice":false,"basicQuantityUnit":"KPL","comparisonPrice":11.17,"comparisonUnit":"KGM","consumerPackageSize":null,"consumerPackageUnit":null,"priceUnit":"KPL","quantityMultiplier":1,"brandName":"Fazer","slug":"fazer-jaffa-appelsiini-300g-24kpl-suklaalla-kuorrutettu-leivoskeksi-jossa-appelsiininmakuista-taytetta","isAgeLimitedByAlcohol":false,"frozen":false,"packagingLabels":["Avainlippu"],"packagingLabelCodes":["MADE_IN_FINLAND_FLAG_WITH_KEY"],"hierarchyPath":null,"isGlobalFallback":null,"countryName":{"fi":"Suomi","__typename":"CountryName"}},{"id":"6416453554962","ean":"6416453554962","name":"Fazer Jaffa Jim suklaakuorrutteinen hedelmänmakuinen täytekeksi 300g","price":3.45,"storeId":725782447,"__typename":"Product","approxPrice":false,"basicQuantityUnit":"KPL","comparisonPrice":11.5,"comparisonUnit":"KGM","consumerPackageSize":null,"consumerPackageUnit":null,"priceUnit":"KPL","quantityMultiplier":1,"brandName":"Fazer","slug":"fazer-jaffa-jim-suklaakuorrutteinen-hedelmanmakuinen-taytekeksi-300g","isAgeLimitedByAlcohol":false,"frozen":false,"packagingLabels":["Avainlippu"," Kierrätysmerkki"],"packagingLabelCodes":["MADE_IN_FINLAND_FLAG_WITH_KEY"," RECYCLABLE_GENERAL_CLAIM"],"hierarchyPath":null,"isGlobalFallback":null,"countryName":{"fi":"Suomi","__typename":"CountryName"}},{"id":"6416577019415","ean":"6416577019415","name":"Vaasan Kotiuunin Vadelma-rahkapulla 7x55g pakaste","price":4.49,"storeId":725782447,"__typename":"Product","approxPrice":false,"basicQuantityUnit":"KPL","comparisonPrice":11.66,"comparisonUnit":"KGM","consumerPackageSize":null,"consumerPackageUnit":null,"priceUnit":"KPL","quantityMultiplier":1,"brandName":"Kotiuunin","slug":"vaasan-kotiuunin-vadelma-rahkapulla-7x55g-pakaste","isAgeLimitedByAlcohol":false,"frozen":true,"packagingLabels":[],"packagingLabelCodes":[],"hierarchyPath":[{"id":"1591691225974004","name":"Kakut, pullat ja leivokset","slug":"pakasteet-1/leivonnais-ja-leipapakasteet/kakut-pullat-ja-leivokset","__typename":"HierarchyPathItem"},{"id":"Herkku_00000125","name":"Leivonnais- ja leipäpakasteet","slug":"pakasteet-1/leivonnais-ja-leipapakasteet","__typename":"HierarchyPathItem"},{"id":"Herkku_00000013","name":"Pakasteet","slug":"pakasteet-1","__typename":"HierarchyPathItem"}],"isGlobalFallback":null,"countryName":{"fi":"Suomi","__typename":"CountryName"}},{"id":"6416597113919","ean":"6416597113919","name":"Elovena 1kg täysjyvä kaurahiutale","price":2.59,"storeId":725782447,"__typename":"Product","approxPrice":false,"basicQuantityUnit":"KPL","comparisonPrice":2.59,"comparisonUnit":"KGM","consumerPackageSize":null,"consumerPackageUnit":null,"priceUnit":"KPL","quantityMultiplier":1,"brandName":"Elovena","slug":"elovena-1kg-taysjyva-kaurahiutale","isAgeLimitedByAlcohol":false,"frozen":false,"packagingLabels":["Hyvää Suomesta (Sininen Joutsen)"," PEFC certified"," Sydänmerkki"],"packagingLabelCodes":["FINNISH_HEART_SYMBOL"," GOODS_FROM_FINLAND_BLUE_SWAN"," PEFC_CERTIFIED"],"hierarchyPath":[{"id":"Herkku_00000501","name":"Kaurahiutaleet","slug":"kuivatuotteet-ja-leivonta-1/hiutaleet-murot-ja-myslit/kaurahiutaleet","__typename":"HierarchyPathItem"},{"id":"Herkku_00000053","name":"Hiutaleet, murot ja myslit","slug":"kuivatuotteet-ja-leivonta-1/hiutaleet-murot-ja-myslit","__typename":"HierarchyPathItem"},{"id":"Herkku_00000007","name":"Kuivatuotteet ja leivonta","slug":"kuivatuotteet-ja-leivonta-1","__typename":"HierarchyPathItem"}],"isGlobalFallback":null,"countryName":{"fi":"Suomi","__typename":"CountryName"}},{"id":"6416597114619","ean":"6416597114619","name":"Nalle 700g neljän viljan täysjyvähiutale","price":2.39,"storeId":725782447,"__typename":"Product","approxPrice":false,"basicQuantityUnit":"KPL","comparisonPrice":3.41,"comparisonUnit":"KGM","consumerPackageSize":null,"consumerPackageUnit":null,"priceUnit":"KPL","quantityMultiplier":1,"brandName":"Nalle","slug":"nalle-700g-neljan-viljan-taysjyvahiutale","isAgeLimitedByAlcohol":false,"frozen":false,"packagingLabels":["Hyvää Suomesta (Sininen Joutsen)"," Sydänmerkki"],"packagingLabelCodes":["FINNISH_HEART_SYMBOL"," GOODS_FROM_FINLAND_BLUE_SWAN"],"hierarchyPath":[{"id":"Herkku_00000499","name":"Moniviljahiutaleet","slug":"kuivatuotteet-ja-leivonta-1/hiutaleet-murot-ja-myslit/moniviljahiutaleet","__typename":"HierarchyPathItem"},{"id":"Herkku_00000053","name":"Hiutaleet, murot ja myslit","slug":"kuivatuotteet-ja-leivonta-1/hiutaleet-murot-ja-myslit","__typename":"HierarchyPathItem"},{"id":"Herkku_00000007","name":"Kuivatuotteet ja leivonta","slug":"kuivatuotteet-ja-leivonta-1","__typename":"HierarchyPathItem"}],"isGlobalFallback":null,"countryName":{"fi":"Suomi","__typename":"CountryName"}},{"id":"6416597414139","ean":"6416597414139","name":"Elovena 210g omena-kaneli annospikapuuro","price":2.79,"storeId":725782447,"__typename":"Product","approxPrice":false,"basicQuantityUnit":"KPL","comparisonPrice":13.29,"comparisonUnit":"KGM","consumerPackageSize":null,"consumerPackageUnit":null,"priceUnit":"KPL","quantityMultiplier":1,"brandName":"Elovena","slug":"elovena-210g-omena-kaneli-annospikapuuro","isAgeLimitedByAlcohol":false,"frozen":false,"packagingLabels":["Hyvää Suomesta (Sininen Joutsen)"," PEFC certified"," Sydänmerkki"],"packagingLabelCodes":["FINNISH_HEART_SYMBOL"," GOODS_FROM_FINLAND_BLUE_SWAN"," PEFC_CERTIFIED"],"hierarchyPath":[{"id":"Herkku_00000498","name":"Muut hiutaleet","slug":"kuivatuotteet-ja-leivonta-1/hiutaleet-murot-ja-myslit/muut-hiutaleet","__typename":"HierarchyPathItem"},{"id":"Herkku_00000053","name":"Hiutaleet, murot ja myslit","slug":"kuivatuotteet-ja-leivonta-1/hiutaleet-murot-ja-myslit","__typename":"HierarchyPathItem"},{"id":"Herkku_00000007","name":"Kuivatuotteet ja leivonta","slug":"kuivatuotteet-ja-leivonta-1","__typename":"HierarchyPathItem"}],"isGlobalFallback":null,"countryName":{"fi":"Suomi","__typename":"CountryName"}},{"id":"6416597416034","ean":"6416597416034","name":"Sunnuntai 4x11g kuivahiiva","price":1.49,"storeId":725782447,"__typename":"Product","approxPrice":false,"basicQuantityUnit":"KPL","comparisonPrice":33.86,"comparisonUnit":"KGM","consumerPackageSize":null,"consumerPackageUnit":null,"priceUnit":"KPL","quantityMultiplier":1,"brandName":"Sunnuntai","slug":"sunnuntai-4x11g-kuivahiiva","isAgeLimitedByAlcohol":false,"frozen":false,"packagingLabels":[],"packagingLabelCodes":[],"hierarchyPath":[{"id":"Herkku_00000407","name":"Leivontaperustuotteet","slug":"kuivatuotteet-ja-leivonta-1/leivontatarvikkeet/leivontaperustuotteet","__typename":"HierarchyPathItem"},{"id":"Herkku_00000072","name":"Leivontatarvikkeet","slug":"kuivatuotteet-ja-leivonta-1/leivontatarvikkeet","__typename":"HierarchyPathItem"},{"id":"Herkku_00000007","name":"Kuivatuotteet ja leivonta","slug":"kuivatuotteet-ja-leivonta-1","__typename":"HierarchyPathItem"}],"isGlobalFallback":null,"countryName":{"fi":"Portugali","__typename":"CountryName"}},{"id":"6416597814083","ean":"6416597814083","name":"Elovena 210g omena-mustikka-vadelma annospikapuuro","price":2.79,"storeId":725782447,"__typename":"Product","approxPrice":false,"basicQuantityUnit":"KPL","comparisonPrice":13.29,"comparisonUnit":"KGM","consumerPackageSize":null,"consumerPackageUnit":null,"priceUnit":"KPL","quantityMultiplier":1,"brandName":"Elovena","slug":"elovena-210g-omena-mustikka-vadelma-annospikapuuro","isAgeLimitedByAlcohol":false,"frozen":false,"packagingLabels":["Hyvää Suomesta (Sininen Joutsen)"," PEFC certified"," Sydänmerkki"],"packagingLabelCodes":["FINNISH_HEART_SYMBOL"," GOODS_FROM_FINLAND_BLUE_SWAN"," PEFC_CERTIFIED"],"hierarchyPath":[{"id":"Herkku_00000498","name":"Muut hiutaleet","slug":"kuivatuotteet-ja-leivonta-1/hiutaleet-murot-ja-myslit/muut-hiutaleet","__typename":"HierarchyPathItem"},{"id":"Herkku_00000053","name":"Hiutaleet, murot ja myslit","slug":"kuivatuotteet-ja-leivonta-1/hiutaleet-murot-ja-myslit","__typename":"HierarchyPathItem"},{"id":"Herkku_00000007","name":"Kuivatuotteet ja leivonta","slug":"kuivatuotteet-ja-leivonta-1","__typename":"HierarchyPathItem"}],"isGlobalFallback":null,"countryName":{"fi":"Suomi","__typename":"CountryName"}},{"id":"6416597814717","ean":"6416597814717","name":"Sunnuntai 300g ohukais- ja vohvelijauhe","price":2.19,"storeId":725782447,"__typename":"Product","approxPrice":false,"basicQuantityUnit":"KPL","comparisonPrice":7.3,"comparisonUnit":"KGM","consumerPackageSize":null,"consumerPackageUnit":null,"priceUnit":"KPL","quantityMultiplier":1,"brandName":"Sunnuntai","slug":"sunnuntai-300g-ohukais-ja-vohvelijauhe","isAgeLimitedByAlcohol":false,"frozen":false,"packagingLabels":["Hyvää Suomesta (Sininen Joutsen)"],"packagingLabelCodes":["GOODS_FROM_FINLAND_BLUE_SWAN"],"hierarchyPath":[{"id":"Herkku_00000372","name":"Jauhoseokset","slug":"kuivatuotteet-ja-leivonta-1/jauhot-ja-leivontaseokset/jauhoseokset","__typename":"HierarchyPathItem"},{"id":"Herkku_00000066","name":"Jauhot ja leivontaseokset","slug":"kuivatuotteet-ja-leivonta-1/jauhot-ja-leivontaseokset","__typename":"HierarchyPathItem"},{"id":"Herkku_00000007","name":"Kuivatuotteet ja leivonta","slug":"kuivatuotteet-ja-leivonta-1","__typename":"HierarchyPathItem"}],"isGlobalFallback":null,"countryName":{"fi":"Suomi","__typename":"CountryName"}},{"id":"6416597870102","ean":"6416597870102","name":"Torino 400g tumma makaroni","price":1.3,"storeId":725782447,"__typename":"Product","approxPrice":false,"basicQuantityUnit":"KPL","comparisonPrice":3.25,"comparisonUnit":"KGM","consumerPackageSize":null,"consumerPackageUnit":null,"priceUnit":"KPL","quantityMultiplier":1,"brandName":"Torino","slug":"torino-400g-tumma-makaroni","isAgeLimitedByAlcohol":false,"frozen":false,"packagingLabels":["Avainlippu"," Sydänmerkki"],"packagingLabelCodes":["FINNISH_HEART_SYMBOL"," MADE_IN_FINLAND_FLAG_WITH_KEY"],"hierarchyPath":[{"id":"Herkku_00000494","name":"Makaronit","slug":"kuivatuotteet-ja-leivonta-1/riisit-pastat-ja-nuudelit/makaronit","__typename":"HierarchyPathItem"},{"id":"Herkku_00000088","name":"Riisit, pastat ja nuudelit","slug":"kuivatuotteet-ja-leivonta-1/riisit-pastat-ja-nuudelit","__typename":"HierarchyPathItem"},{"id":"Herkku_00000007","name":"Kuivatuotteet ja leivonta","slug":"kuivatuotteet-ja-leivonta-1","__typename":"HierarchyPathItem"}],"isGlobalFallback":null,"countryName":{"fi":"Suomi","__typename":"CountryName"}},{"id":"6416710010071","ean":"6416710010071","name":"Amalthia 260/140g Kalamata-oliivi kivetön","price":2.49,"storeId":725782447,"__typename":"Product","approxPrice":false,"basicQuantityUnit":"KPL","comparisonPrice":17.79,"comparisonUnit":"KGM","consumerPackageSize":null,"consumerPackageUnit":null,"priceUnit":"KPL","quantityMultiplier":1,"brandName":"Amalthia","slug":"amalthia-260140g-kalamata-oliivi-kiveton","isAgeLimitedByAlcohol":false,"frozen":false,"packagingLabels":[],"packagingLabelCodes":[],"hierarchyPath":[{"id":"Herkku_00000353","name":"Hedelmäsäilykkeet","slug":"kuivatuotteet-ja-leivonta-1/sailykkeet/hedelmasailykkeet","__typename":"HierarchyPathItem"},{"id":"Herkku_00000063","name":"Säilykkeet","slug":"kuivatuotteet-ja-leivonta-1/sailykkeet","__typename":"HierarchyPathItem"},{"id":"Herkku_00000007","name":"Kuivatuotteet ja leivonta","slug":"kuivatuotteet-ja-leivonta-1","__typename":"HierarchyPathItem"}],"isGlobalFallback":null,"countryName":{"fi":"Kreikka","__typename":"CountryName"}},{"id":"6416710300349","ean":"6416710300349","name":"Filos original halloumi-juusto 200g","price":3.45,"storeId":725782447,"__typename":"Product","approxPrice":false,"basicQuantityUnit":"KPL","comparisonPrice":17.25,"comparisonUnit":"KGM","consumerPackageSize":null,"consumerPackageUnit":null,"priceUnit":"KPL","quantityMultiplier":1,"brandName":"Filos","slug":"filos-original-halloumi-juusto-200g","isAgeLimitedByAlcohol":false,"frozen":false,"packagingLabels":[],"packagingLabelCodes":[],"hierarchyPath":[{"id":"1591691244827937","name":"Muut erikoisjuustot","slug":"juustot-0/ruoka-ja-herkuttelujuustot/muut-erikoisjuustot","__typename":"HierarchyPathItem"},{"id":"1591691244827915","name":"Ruoka- ja herkuttelujuustot","slug":"juustot-0/ruoka-ja-herkuttelujuustot","__typename":"HierarchyPathItem"},{"id":"Herkku_00000003","name":"Juustot","slug":"juustot-0","__typename":"HierarchyPathItem"}],"isGlobalFallback":null,"countryName":{"fi":"Kypros","__typename":"CountryName"}},{"id":"6416884202692","ean":"6416884202692","name":"SPRING 1,5l Julmust Joulujuoma","price":2.65,"storeId":725782447,"__typename":"Product","approxPrice":false,"basicQuantityUnit":"KPL","comparisonPrice":1.5,"comparisonUnit":"LTR","consumerPackageSize":null,"consumerPackageUnit":null,"priceUnit":"KPL","quantityMultiplier":1,"brandName":"Spring","slug":"spring-1-5l-julmust-joulujuoma","isAgeLimitedByAlcohol":false,"frozen":false,"packagingLabels":[],"packagingLabelCodes":[],"hierarchyPath":[{"id":"1591691224561860","name":"Kausijuomat","slug":"juomat-1/kausijuomat","__typename":"HierarchyPathItem"},{"id":"Herkku_00000005","name":"Juomat","slug":"juomat-1","__typename":"HierarchyPathItem"}],"isGlobalFallback":null,"countryName":{"fi":"Suomi","__typename":"CountryName"}},{"id":"6416982000565","ean":"6416982000565","name":"Postimerkki Kivaa kevättä 10 x kotimaan ikimerkki","price":21,"storeId":725782447,"__typename":"Product","approxPrice":false,"basicQuantityUnit":"KPL","comparisonPrice":2.1,"comparisonUnit":"PCE","consumerPackageSize":null,"consumerPackageUnit":null,"priceUnit":"KPL","quantityMultiplier":1,"brandName":"Posti","slug":"postimerkki-kivaa-kevatta-10-x-kotimaan-ikimerkki","isAgeLimitedByAlcohol":false,"frozen":false,"packagingLabels":[],"packagingLabelCodes":[],"hierarchyPath":[{"id":"1591691245292241","name":"Postimerkit","slug":"koti-ja-vapaa-aika/paperi-ja-toimistotarvikkeet/postimerkit","__typename":"HierarchyPathItem"},{"id":"1591691234747419","name":"Paperi- ja toimistotarvikkeet","slug":"koti-ja-vapaa-aika/paperi-ja-toimistotarvikkeet","__typename":"HierarchyPathItem"},{"id":"Herkku_00000002","name":"Koti ja vapaa-aika","slug":"koti-ja-vapaa-aika","__typename":"HierarchyPathItem"}],"isGlobalFallback":null,"countryName":{"fi":"Suomi","__typename":"CountryName"}},{"id":"6416982000718","ean":"6416982000718","name":"Postimerkki Fazerin sininen 100 vuotta 10 x kotimaan ikimerkki","price":21,"storeId":725782447,"__typename":"Product","approxPrice":false,"basicQuantityUnit":"KPL","comparisonPrice":2.1,"comparisonUnit":"PCE","consumerPackageSize":null,"consumerPackageUnit":null,"priceUnit":"KPL","quantityMultiplier":1,"brandName":"Posti","slug":"postimerkki-fazerin-sininen-100-vuotta-10-x-kotimaan-ikimerkki","isAgeLimitedByAlcohol":false,"frozen":false,"packagingLabels":[],"packagingLabelCodes":[],"hierarchyPath":[{"id":"1591691245292241","name":"Postimerkit","slug":"koti-ja-vapaa-aika/paperi-ja-toimistotarvikkeet/postimerkit","__typename":"HierarchyPathItem"},{"id":"1591691234747419","name":"Paperi- ja toimistotarvikkeet","slug":"koti-ja-vapaa-aika/paperi-ja-toimistotarvikkeet","__typename":"HierarchyPathItem"},{"id":"Herkku_00000002","name":"Koti ja vapaa-aika","slug":"koti-ja-vapaa-aika","__typename":"HierarchyPathItem"}],"isGlobalFallback":null,"countryName":{"fi":"Suomi","__typename":"CountryName"}},{"id":"6416982001173","ean":"6416982001173","name":"Postimerkki Tulkoon joulu 20 x joulutervehdyksen ikimerkki","price":28,"storeId":725782447,"__typename":"Product","approxPrice":false,"basicQuantityUnit":"KPL","comparisonPrice":1.4,"comparisonUnit":"PCE","consumerPackageSize":null,"consumerPackageUnit":null,"priceUnit":"KPL","quantityMultiplier":1,"brandName":"Posti","slug":"postimerkki-tulkoon-joulu-20-x-joulutervehdyksen-ikimerkki","isAgeLimitedByAlcohol":false,"frozen":false,"packagingLabels":[],"packagingLabelCodes":[],"hierarchyPath":[{"id":"1591691245292241","name":"Postimerkit","slug":"koti-ja-vapaa-aika/paperi-ja-toimistotarvikkeet/postimerkit","__typename":"HierarchyPathItem"},{"id":"1591691234747419","name":"Paperi- ja toimistotarvikkeet","slug":"koti-ja-vapaa-aika/paperi-ja-toimistotarvikkeet","__typename":"HierarchyPathItem"},{"id":"Herkku_00000002","name":"Koti ja vapaa-aika","slug":"koti-ja-vapaa-aika","__typename":"HierarchyPathItem"}],"isGlobalFallback":null,"countryName":{"fi":"Suomi","__typename":"CountryName"}},{"id":"6416982001180","ean":"6416982001180","name":"Postimerkki Talven ihmemaa 10 x kotimaan ikimerkki","price":21,"storeId":725782447,"__typename":"Product","approxPrice":false,"basicQuantityUnit":"KPL","comparisonPrice":2.1,"comparisonUnit":"PCE","consumerPackageSize":null,"consumerPackageUnit":null,"priceUnit":"KPL","quantityMultiplier":1,"brandName":"Posti","slug":"postimerkki-talven-ihmemaa-10-x-kotimaan-ikimerkki","isAgeLimitedByAlcohol":false,"frozen":false,"packagingLabels":[],"packagingLabelCodes":[],"hierarchyPath":[{"id":"1591691245292241","name":"Postimerkit","slug":"koti-ja-vapaa-aika/paperi-ja-toimistotarvikkeet/postimerkit","__typename":"HierarchyPathItem"},{"id":"1591691234747419","name":"Paperi- ja toimistotarvikkeet","slug":"koti-ja-vapaa-aika/paperi-ja-toimistotarvikkeet","__typename":"HierarchyPathItem"},{"id":"Herkku_00000002","name":"Koti ja vapaa-aika","slug":"koti-ja-vapaa-aika","__typename":"HierarchyPathItem"}],"isGlobalFallback":null,"countryName":{"fi":"Suomi","__typename":"CountryName"}},{"id":"6416982001210","ean":"6416982001210","name":"Postimerkki Ilotulitus 10 x ulkomaan ikimerkki","price":22.5,"storeId":725782447,"__typename":"Product","approxPrice":false,"basicQuantityUnit":"KPL","comparisonPrice":2.25,"comparisonUnit":"PCE","consumerPackageSize":null,"consumerPackageUnit":null,"priceUnit":"KPL","quantityMultiplier":1,"brandName":"Posti","slug":"postimerkki-ilotulitus-10-x-ulkomaan-ikimerkki","isAgeLimitedByAlcohol":false,"frozen":false,"packagingLabels":[],"packagingLabelCodes":[],"hierarchyPath":[{"id":"1591691245292241","name":"Postimerkit","slug":"koti-ja-vapaa-aika/paperi-ja-toimistotarvikkeet/postimerkit","__typename":"HierarchyPathItem"},{"id":"1591691234747419","name":"Paperi- ja toimistotarvikkeet","slug":"koti-ja-vapaa-aika/paperi-ja-toimistotarvikkeet","__typename":"HierarchyPathItem"},{"id":"Herkku_00000002","name":"Koti ja vapaa-aika","slug":"koti-ja-vapaa-aika","__typename":"HierarchyPathItem"}],"isGlobalFallback":null,"countryName":{"fi":"Suomi","__typename":"CountryName"}},{"id":"6416982018348","ean":"6416982018348","name":"Postimerkki Kultajoutsen 10 x kotimaan ikimerkki (1.lk)","price":21,"storeId":725782447,"__typename":"Product","approxPrice":false,"basicQuantityUnit":"KPL","comparisonPrice":2.1,"comparisonUnit":"PCE","consumerPackageSize":null,"consumerPackageUnit":null,"priceUnit":"KPL","quantityMultiplier":1,"brandName":"Posti","slug":"postimerkki-kultajoutsen-10-x-kotimaan-ikimerkki-1lk","isAgeLimitedByAlcohol":false,"frozen":false,"packagingLabels":[],"packagingLabelCodes":[],"hierarchyPath":[{"id":"1591691245292241","name":"Postimerkit","slug":"koti-ja-vapaa-aika/paperi-ja-toimistotarvikkeet/postimerkit","__typename":"HierarchyPathItem"},{"id":"1591691234747419","name":"Paperi- ja toimistotarvikkeet","slug":"koti-ja-vapaa-aika/paperi-ja-toimistotarvikkeet","__typename":"HierarchyPathItem"},{"id":"Herkku_00000002","name":"Koti ja vapaa-aika","slug":"koti-ja-vapaa-aika","__typename":"HierarchyPathItem"}],"isGlobalFallback":null,"countryName":{"fi":"Suomi","__typename":"CountryName"}},{"id":"6416982025056","ean":"6416982025056","name":"Postimerkki Pilviä saaristossa 10 x ulkomaan ikimerkki","price":22.5,"storeId":725782447,"__typename":"Product","approxPrice":false,"basicQuantityUnit":"KPL","comparisonPrice":2.25,"comparisonUnit":"PCE","consumerPackageSize":null,"consumerPackageUnit":null,"priceUnit":"KPL","quantityMultiplier":1,"brandName":"Posti","slug":"postimerkki-pilvia-saaristossa-10-x-ulkomaan-ikimerkki","isAgeLimitedByAlcohol":false,"frozen":false,"packagingLabels":[],"packagingLabelCodes":[],"hierarchyPath":[{"id":"1591691245292241","name":"Postimerkit","slug":"koti-ja-vapaa-aika/paperi-ja-toimistotarvikkeet/postimerkit","__typename":"HierarchyPathItem"},{"id":"1591691234747419","name":"Paperi- ja toimistotarvikkeet","slug":"koti-ja-vapaa-aika/paperi-ja-toimistotarvikkeet","__typename":"HierarchyPathItem"},{"id":"Herkku_00000002","name":"Koti ja vapaa-aika","slug":"koti-ja-vapaa-aika","__typename":"HierarchyPathItem"}],"isGlobalFallback":null,"countryName":{"fi":"Suomi","__typename":"CountryName"}},{"id":"6417037670412","ean":"6417037670412","name":"Lacto line 500 ml hajustamaton pesuneste","price":2.99,"storeId":725782447,"__typename":"Product","approxPrice":false,"basicQuantityUnit":"KPL","comparisonPrice":5.98,"comparisonUnit":"LTR","consumerPackageSize":null,"consumerPackageUnit":null,"priceUnit":"KPL","quantityMultiplier":1,"brandName":"Lacto Line","slug":"lacto-line-500-ml-hajustamaton-pesuneste","isAgeLimitedByAlcohol":false,"frozen":false,"packagingLabels":["Avainlippu"," Leaping bunny"," VEGAN_SOCIETY_VEGAN_LOGO"],"packagingLabelCodes":["LEAPING_BUNNY"," MADE_IN_FINLAND_FLAG_WITH_KEY"," VEGAN_SOCIETY_VEGAN_LOGO"],"hierarchyPath":[{"id":"1591691233415960","name":"Naisten suihkusaippuat","slug":"kosmetiikka-ja-hygienia/saippuat-ja-pesutarvikkeet/naisten-suihkusaippuat","__typename":"HierarchyPathItem"},{"id":"1591691233415959","name":"Saippuat ja pesutarvikkeet","slug":"kosmetiikka-ja-hygienia/saippuat-ja-pesutarvikkeet","__typename":"HierarchyPathItem"},{"id":"1591691233334707","name":"Kosmetiikka ja hygienia","slug":"kosmetiikka-ja-hygienia","__typename":"HierarchyPathItem"}],"isGlobalFallback":null,"countryName":{"fi":"Suomi","__typename":"CountryName"}},{"id":"6417120100017","ean":"6417120100017","name":"Åström 50g Juustonjuoksutin","price":2.39,"storeId":725782447,"__typename":"Product","approxPrice":false,"basicQuantityUnit":"KPL","comparisonPrice":47.8,"comparisonUnit":"KGM","consumerPackageSize":null,"consumerPackageUnit":null,"priceUnit":"KPL","quantityMultiplier":1,"brandName":"Åström","slug":"astrom-50g-juustonjuoksutin","isAgeLimitedByAlcohol":false,"frozen":false,"packagingLabels":[],"packagingLabelCodes":[],"hierarchyPath":[{"id":"1591691244827937","name":"Muut erikoisjuustot","slug":"juustot-0/ruoka-ja-herkuttelujuustot/muut-erikoisjuustot","__typename":"HierarchyPathItem"},{"id":"1591691244827915","name":"Ruoka- ja herkuttelujuustot","slug":"juustot-0/ruoka-ja-herkuttelujuustot","__typename":"HierarchyPathItem"},{"id":"Herkku_00000003","name":"Juustot","slug":"juustot-0","__typename":"HierarchyPathItem"}],"isGlobalFallback":null,"countryName":{"fi":"Ranska","__typename":"CountryName"}},{"id":"6417348171028","ean":"6417348171028","name":"Mocktail Piña Colada 0,0% 0,33l","price":1.5899999999999999,"storeId":725782447,"__typename":"Product","approxPrice":false,"basicQuantityUnit":"KPL","comparisonPrice":4.36,"comparisonUnit":"LTR","consumerPackageSize":null,"consumerPackageUnit":null,"priceUnit":"KPL","quantityMultiplier":1,"brandName":"Nokian Panimo","slug":"mocktail-pina-colada-0-0-0-33l","isAgeLimitedByAlcohol":false,"frozen":false,"packagingLabels":[],"packagingLabelCodes":[],"hierarchyPath":[{"id":"Herkku_00000827","name":"Cocktailit","slug":"juomat-1/alkoholijuomasekoitukset/cocktailit","__typename":"HierarchyPathItem"},{"id":"Herkku_00000136","name":"Alkoholijuomasekoitukset","slug":"juomat-1/alkoholijuomasekoitukset","__typename":"HierarchyPathItem"},{"id":"Herkku_00000005","name":"Juomat","slug":"juomat-1","__typename":"HierarchyPathItem"}],"isGlobalFallback":null,"countryName":{"fi":"Suomi","__typename":"CountryName"}},{"id":"6417348171042","ean":"6417348171042","name":"Mocktail Cosmopolitan 0,0% 0,33l","price":1.5899999999999999,"storeId":725782447,"__typename":"Product","approxPrice":false,"basicQuantityUnit":"KPL","comparisonPrice":4.36,"comparisonUnit":"LTR","consumerPackageSize":null,"consumerPackageUnit":null,"priceUnit":"KPL","quantityMultiplier":1,"brandName":"Nokian Panimo","slug":"mocktail-cosmopolitan-0-0-0-33l","isAgeLimitedByAlcohol":false,"frozen":false,"packagingLabels":["Hyvää Suomesta (Sininen Joutsen)"," Kierrätysmerkki"],"packagingLabelCodes":["GOODS_FROM_FINLAND_BLUE_SWAN"," RECYCLABLE_GENERAL_CLAIM"],"hierarchyPath":[{"id":"Herkku_00000827","name":"Cocktailit","slug":"juomat-1/alkoholijuomasekoitukset/cocktailit","__typename":"HierarchyPathItem"},{"id":"Herkku_00000136","name":"Alkoholijuomasekoitukset","slug":"juomat-1/alkoholijuomasekoitukset","__typename":"HierarchyPathItem"},{"id":"Herkku_00000005","name":"Juomat","slug":"juomat-1","__typename":"HierarchyPathItem"}],"isGlobalFallback":null,"countryName":{"fi":"Suomi","__typename":"CountryName"}},{"id":"6417348171066","ean":"6417348171066","name":"Mocktail Italian Spritz 0,0% 0,33l","price":1.5899999999999999,"storeId":725782447,"__typename":"Product","approxPrice":false,"basicQuantityUnit":"KPL","comparisonPrice":4.36,"comparisonUnit":"LTR","consumerPackageSize":null,"consumerPackageUnit":null,"priceUnit":"KPL","quantityMultiplier":1,"brandName":"Nokian Panimo","slug":"mocktail-italian-spritz-0-0-0-33l","isAgeLimitedByAlcohol":false,"frozen":false,"packagingLabels":["Avainlippu"," Kierrätysmerkki"],"packagingLabelCodes":["MADE_IN_FINLAND_FLAG_WITH_KEY"," RECYCLABLE_GENERAL_CLAIM"],"hierarchyPath":[{"id":"Herkku_00000827","name":"Cocktailit","slug":"juomat-1/alkoholijuomasekoitukset/cocktailit","__typename":"HierarchyPathItem"},{"id":"Herkku_00000136","name":"Alkoholijuomasekoitukset","slug":"juomat-1/alkoholijuomasekoitukset","__typename":"HierarchyPathItem"},{"id":"Herkku_00000005","name":"Juomat","slug":"juomat-1","__typename":"HierarchyPathItem"}],"isGlobalFallback":null,"countryName":{"fi":"Suomi","__typename":"CountryName"}},{"id":"6417348171073","ean":"6417348171073","name":"Mocktail Strawberry Margarita 0,0% 0,33l","price":1.5899999999999999,"storeId":725782447,"__typename":"Product","approxPrice":false,"basicQuantityUnit":"KPL","comparisonPrice":4.36,"comparisonUnit":"LTR","consumerPackageSize":null,"consumerPackageUnit":null,"priceUnit":"KPL","quantityMultiplier":1,"brandName":"Nokian Panimo","slug":"mocktail-strawberry-margarita-0-0-0-33l","isAgeLimitedByAlcohol":false,"frozen":false,"packagingLabels":["Avainlippu"," Kierrätysmerkki"],"packagingLabelCodes":["MADE_IN_FINLAND_FLAG_WITH_KEY"," RECYCLABLE_GENERAL_CLAIM"],"hierarchyPath":[{"id":"Herkku_00000797","name":"Muut virvoitusjuomat","slug":"juomat-1/virvoitusjuomat/muut-virvoitusjuomat","__typename":"HierarchyPathItem"},{"id":"Herkku_00000048","name":"Virvoitusjuomat","slug":"juomat-1/virvoitusjuomat","__typename":"HierarchyPathItem"},{"id":"Herkku_00000005","name":"Juomat","slug":"juomat-1","__typename":"HierarchyPathItem"}],"isGlobalFallback":null,"countryName":{"fi":"Suomi","__typename":"CountryName"}},{"id":"6417348173138","ean":"6417348173138","name":"Keisari Hazy Pale Ale 4,8% 0,5L","price":3.29,"storeId":725782447,"__typename":"Product","approxPrice":false,"basicQuantityUnit":"KPL","comparisonPrice":6.28,"comparisonUnit":"LTR","consumerPackageSize":null,"consumerPackageUnit":null,"priceUnit":"KPL","quantityMultiplier":1,"brandName":"Keisari","slug":"keisari-hazy-pale-ale-4-8-0-5l","isAgeLimitedByAlcohol":true,"frozen":false,"packagingLabels":["Hyvää Suomesta (Sininen Joutsen)"],"packagingLabelCodes":["GOODS_FROM_FINLAND_BLUE_SWAN"],"hierarchyPath":[{"id":"Herkku_00000821","name":"Ale-olut","slug":"juomat-1/oluet/ale-olut","__typename":"HierarchyPathItem"},{"id":"Herkku_00000135","name":"Oluet","slug":"juomat-1/oluet","__typename":"HierarchyPathItem"},{"id":"Herkku_00000005","name":"Juomat","slug":"juomat-1","__typename":"HierarchyPathItem"}],"isGlobalFallback":null,"countryName":{"fi":"Suomi","__typename":"CountryName"}},{"id":"6417348173152","ean":"6417348173152","name":"Keisari Lager olut 4,5% 0,5l tölkki","price":2.29,"storeId":725782447,"__typename":"Product","approxPrice":false,"basicQuantityUnit":"KPL","comparisonPrice":4.28,"comparisonUnit":"LTR","consumerPackageSize":null,"consumerPackageUnit":null,"priceUnit":"KPL","quantityMultiplier":1,"brandName":"Keisari","slug":"keisari-lager-olut-4-5-0-5l-tolkki","isAgeLimitedByAlcohol":true,"frozen":false,"packagingLabels":["Hyvää Suomesta (Sininen Joutsen)"],"packagingLabelCodes":["GOODS_FROM_FINLAND_BLUE_SWAN"],"hierarchyPath":[{"id":"Herkku_00000818","name":"Vaalea lager olut","slug":"juomat-1/oluet/vaalea-lager-olut","__typename":"HierarchyPathItem"},{"id":"Herkku_00000135","name":"Oluet","slug":"juomat-1/oluet","__typename":"HierarchyPathItem"},{"id":"Herkku_00000005","name":"Juomat","slug":"juomat-1","__typename":"HierarchyPathItem"}],"isGlobalFallback":null,"countryName":{"fi":"Suomi","__typename":"CountryName"}},{"id":"6417348173176","ean":"6417348173176","name":"Keisari Dark olut 0,5l 4,5% tölkki","price":2.4899999999999998,"storeId":725782447,"__typename":"Product","approxPrice":false,"basicQuantityUnit":"KPL","comparisonPrice":4.68,"comparisonUnit":"LTR","consumerPackageSize":null,"consumerPackageUnit":null,"priceUnit":"KPL","quantityMultiplier":1,"brandName":"Keisari","slug":"keisari-dark-olut-0-5l-4-5-tolkki","isAgeLimitedByAlcohol":true,"frozen":false,"packagingLabels":["Hyvää Suomesta (Sininen Joutsen)"],"packagingLabelCodes":["GOODS_FROM_FINLAND_BLUE_SWAN"],"hierarchyPath":[{"id":"Herkku_00000823","name":"Tumma lager olut","slug":"juomat-1/oluet/tumma-lager-olut","__typename":"HierarchyPathItem"},{"id":"Herkku_00000135","name":"Oluet","slug":"juomat-1/oluet","__typename":"HierarchyPathItem"},{"id":"Herkku_00000005","name":"Juomat","slug":"juomat-1","__typename":"HierarchyPathItem"}],"isGlobalFallback":null,"countryName":{"fi":"Suomi","__typename":"CountryName"}},{"id":"6417348173763","ean":"6417348173763","name":"Keisari Amber olut 4,5% 0,5l","price":2.39,"storeId":725782447,"__typename":"Product","approxPrice":false,"basicQuantityUnit":"KPL","comparisonPrice":4.48,"comparisonUnit":"LTR","consumerPackageSize":null,"consumerPackageUnit":null,"priceUnit":"KPL","quantityMultiplier":1,"brandName":"Keisari","slug":"keisari-amber-olut-4-5-0-5l","isAgeLimitedByAlcohol":true,"frozen":false,"packagingLabels":["Hyvää Suomesta (Sininen Joutsen)"],"packagingLabelCodes":["GOODS_FROM_FINLAND_BLUE_SWAN"],"hierarchyPath":[{"id":"Herkku_00000823","name":"Tumma lager olut","slug":"juomat-1/oluet/tumma-lager-olut","__typename":"HierarchyPathItem"},{"id":"Herkku_00000135","name":"Oluet","slug":"juomat-1/oluet","__typename":"HierarchyPathItem"},{"id":"Herkku_00000005","name":"Juomat","slug":"juomat-1","__typename":"HierarchyPathItem"}],"isGlobalFallback":null,"countryName":{"fi":"Suomi","__typename":"CountryName"}},{"id":"6417348174319","ean":"6417348174319","name":"Keisari Mosaic IPA 5,2% 0,5l","price":3.09,"storeId":725782447,"__typename":"Product","approxPrice":false,"basicQuantityUnit":"KPL","comparisonPrice":5.88,"comparisonUnit":"LTR","consumerPackageSize":null,"consumerPackageUnit":null,"priceUnit":"KPL","quantityMultiplier":1,"brandName":"Keisari","slug":"keisari-mosaic-ipa-5-2-0-5l","isAgeLimitedByAlcohol":true,"frozen":false,"packagingLabels":["Hyvää Suomesta (Sininen Joutsen)"],"packagingLabelCodes":["GOODS_FROM_FINLAND_BLUE_SWAN"],"hierarchyPath":[{"id":"Herkku_00000821","name":"Ale-olut","slug":"juomat-1/oluet/ale-olut","__typename":"HierarchyPathItem"},{"id":"Herkku_00000135","name":"Oluet","slug":"juomat-1/oluet","__typename":"HierarchyPathItem"},{"id":"Herkku_00000005","name":"Juomat","slug":"juomat-1","__typename":"HierarchyPathItem"}],"isGlobalFallback":null,"countryName":{"fi":"Suomi","__typename":"CountryName"}},{"id":"6417348175019","ean":"6417348175019","name":"Keisari Micro Ipa 2,8% 0,5l","price":2.09,"storeId":725782447,"__typename":"Product","approxPrice":false,"basicQuantityUnit":"KPL","comparisonPrice":3.88,"comparisonUnit":"LTR","consumerPackageSize":null,"consumerPackageUnit":null,"priceUnit":"KPL","quantityMultiplier":1,"brandName":"Keisari","slug":"keisari-micro-ipa-2-8-0-5l","isAgeLimitedByAlcohol":true,"frozen":false,"packagingLabels":["Hyvää Suomesta (Sininen Joutsen)"],"packagingLabelCodes":["GOODS_FROM_FINLAND_BLUE_SWAN"],"hierarchyPath":[{"id":"Herkku_00000821","name":"Ale-olut","slug":"juomat-1/oluet/ale-olut","__typename":"HierarchyPathItem"},{"id":"Herkku_00000135","name":"Oluet","slug":"juomat-1/oluet","__typename":"HierarchyPathItem"},{"id":"Herkku_00000005","name":"Juomat","slug":"juomat-1","__typename":"HierarchyPathItem"}],"isGlobalFallback":null,"countryName":{"fi":"Suomi","__typename":"CountryName"}},{"id":"6417464441500","ean":"6417464441500","name":"Valkoliekki 175g valkosipulimurska","price":3.49,"storeId":725782447,"__typename":"Product","approxPrice":false,"basicQuantityUnit":"KPL","comparisonPrice":19.94,"comparisonUnit":"KGM","consumerPackageSize":null,"consumerPackageUnit":null,"priceUnit":"KPL","quantityMultiplier":1,"brandName":"Valkoliekki","slug":"valkoliekki-175g-valkosipulimurska","isAgeLimitedByAlcohol":false,"frozen":false,"packagingLabels":["Kierrätysmerkki"," Sydänmerkki"],"packagingLabelCodes":["FINNISH_HEART_SYMBOL"," RECYCLABLE_GENERAL_CLAIM"],"hierarchyPath":[{"id":"Herkku_00000357","name":"Kasvissäilykkeet","slug":"kuivatuotteet-ja-leivonta-1/sailykkeet/kasvissailykkeet","__typename":"HierarchyPathItem"},{"id":"Herkku_00000063","name":"Säilykkeet","slug":"kuivatuotteet-ja-leivonta-1/sailykkeet","__typename":"HierarchyPathItem"},{"id":"Herkku_00000007","name":"Kuivatuotteet ja leivonta","slug":"kuivatuotteet-ja-leivonta-1","__typename":"HierarchyPathItem"}],"isGlobalFallback":null,"countryName":{"fi":"Espanja","__typename":"CountryName"}},{"id":"6417600031268","ean":"6417600031268","name":"Erittäin Hieno Suomalainen 300ml Shampoo","price":2.29,"storeId":725782447,"__typename":"Product","approxPrice":false,"basicQuantityUnit":"KPL","comparisonPrice":7.63,"comparisonUnit":"LTR","consumerPackageSize":null,"consumerPackageUnit":null,"priceUnit":"KPL","quantityMultiplier":1,"brandName":"Erittäin Hieno Suomalainen","slug":"erittain-hieno-suomalainen-300ml-shampoo","isAgeLimitedByAlcohol":false,"frozen":false,"packagingLabels":["Avainlippu"," VEGAN_SOCIETY_VEGAN_LOGO"],"packagingLabelCodes":["MADE_IN_FINLAND_FLAG_WITH_KEY"," VEGAN_SOCIETY_VEGAN_LOGO"],"hierarchyPath":[{"id":"1591691233415301","name":"Shampoot","slug":"kosmetiikka-ja-hygienia/hiukset-ja-hiustenhoito/shampoot","__typename":"HierarchyPathItem"},{"id":"1591691233415300","name":"Hiukset ja hiustenhoito","slug":"kosmetiikka-ja-hygienia/hiukset-ja-hiustenhoito","__typename":"HierarchyPathItem"},{"id":"1591691233334707","name":"Kosmetiikka ja hygienia","slug":"kosmetiikka-ja-hygienia","__typename":"HierarchyPathItem"}],"isGlobalFallback":null,"countryName":{"fi":"Suomi","__typename":"CountryName"}},{"id":"6417612820546","ean":"6417612820546","name":"Hyvän Olon Melatoniini 1,5 mg 30 tabl Via Naturale","price":4.25,"storeId":725782447,"__typename":"Product","approxPrice":false,"basicQuantityUnit":"KPL","comparisonPrice":0.14,"comparisonUnit":"PCE","consumerPackageSize":null,"consumerPackageUnit":null,"priceUnit":"KPL","quantityMultiplier":1,"brandName":"Via Naturale","slug":"hyvan-olon-melatoniini-1-5-mg-30-tabl-via-naturale","isAgeLimitedByAlcohol":false,"frozen":false,"packagingLabels":["Avainlippu"],"packagingLabelCodes":["MADE_IN_FINLAND_FLAG_WITH_KEY"],"hierarchyPath":[{"id":"Herkku_00001026","name":"Melatoniinit","slug":"luontaistuotteet-ja-lisaravinteet-1/erityisvalmisteet/melatoniinit","__typename":"HierarchyPathItem"},{"id":"Herkku_00000175","name":"Erityisvalmisteet","slug":"luontaistuotteet-ja-lisaravinteet-1/erityisvalmisteet","__typename":"HierarchyPathItem"},{"id":"Herkku_00000016","name":"Luontaistuotteet ja lisäravinteet","slug":"luontaistuotteet-ja-lisaravinteet-1","__typename":"HierarchyPathItem"}],"isGlobalFallback":null,"countryName":{"fi":"Suomi","__typename":"CountryName"}},{"id":"6417612820911","ean":"6417612820911","name":"Hyvän Olon Pitkävaikutteinen Melatoniini 1,9 mg 60 tabl Via Naturale","price":7.35,"storeId":725782447,"__typename":"Product","approxPrice":false,"basicQuantityUnit":"KPL","comparisonPrice":0.12,"comparisonUnit":"PCE","consumerPackageSize":null,"consumerPackageUnit":null,"priceUnit":"KPL","quantityMultiplier":1,"brandName":"Via Naturale","slug":"hyvan-olon-pitkavaikutteinen-melatoniini-1-9-mg-60-tabl-via-naturale","isAgeLimitedByAlcohol":false,"frozen":false,"packagingLabels":["Avainlippu"],"packagingLabelCodes":["MADE_IN_FINLAND_FLAG_WITH_KEY"],"hierarchyPath":[{"id":"Herkku_00001026","name":"Melatoniinit","slug":"luontaistuotteet-ja-lisaravinteet-1/erityisvalmisteet/melatoniinit","__typename":"HierarchyPathItem"},{"id":"Herkku_00000175","name":"Erityisvalmisteet","slug":"luontaistuotteet-ja-lisaravinteet-1/erityisvalmisteet","__typename":"HierarchyPathItem"},{"id":"Herkku_00000016","name":"Luontaistuotteet ja lisäravinteet","slug":"luontaistuotteet-ja-lisaravinteet-1","__typename":"HierarchyPathItem"}],"isGlobalFallback":null,"countryName":{"fi":"Suomi","__typename":"CountryName"}},{"id":"6417700050169","ean":"6417700050169","name":"Myllyn Paras Graham Täysjyvävehnäjauho 1kg","price":2.35,"storeId":725782447,"__typename":"Product","approxPrice":false,"basicQuantityUnit":"KPL","comparisonPrice":2.35,"comparisonUnit":"KGM","consumerPackageSize":null,"consumerPackageUnit":null,"priceUnit":"KPL","quantityMultiplier":1,"brandName":"Myllyn Paras","slug":"myllyn-paras-graham-taysjyvavehnajauho-1kg","isAgeLimitedByAlcohol":false,"frozen":false,"packagingLabels":["Hyvää Suomesta (Sininen Joutsen)"],"packagingLabelCodes":["GOODS_FROM_FINLAND_BLUE_SWAN"],"hierarchyPath":[{"id":"1591691233688899","name":"Vehnäjauhot","slug":"kuivatuotteet-ja-leivonta-1/jauhot-ja-leivontaseokset/vehnajauhot","__typename":"HierarchyPathItem"},{"id":"Herkku_00000066","name":"Jauhot ja leivontaseokset","slug":"kuivatuotteet-ja-leivonta-1/jauhot-ja-leivontaseokset","__typename":"HierarchyPathItem"},{"id":"Herkku_00000007","name":"Kuivatuotteet ja leivonta","slug":"kuivatuotteet-ja-leivonta-1","__typename":"HierarchyPathItem"}],"isGlobalFallback":null,"countryName":{"fi":"Suomi","__typename":"CountryName"}},{"id":"6417700050251","ean":"6417700050251","name":"Myllyn Paras Voitaikinalevyjä 500g pakaste","price":3.85,"storeId":725782447,"__typename":"Product","approxPrice":false,"basicQuantityUnit":"KPL","comparisonPrice":7.7,"comparisonUnit":"KGM","consumerPackageSize":null,"consumerPackageUnit":null,"priceUnit":"KPL","quantityMultiplier":1,"brandName":"Myllyn Paras","slug":"myllyn-paras-voitaikinalevyja-500g-pakaste","isAgeLimitedByAlcohol":false,"frozen":true,"packagingLabels":["Avainlippu"," Hyvää Suomesta (Sininen Joutsen)"],"packagingLabelCodes":["GOODS_FROM_FINLAND_BLUE_SWAN"," MADE_IN_FINLAND_FLAG_WITH_KEY"],"hierarchyPath":[{"id":"1591691225974003","name":"Taikinat","slug":"pakasteet-1/leivonnais-ja-leipapakasteet/taikinat","__typename":"HierarchyPathItem"},{"id":"Herkku_00000125","name":"Leivonnais- ja leipäpakasteet","slug":"pakasteet-1/leivonnais-ja-leipapakasteet","__typename":"HierarchyPathItem"},{"id":"Herkku_00000013","name":"Pakasteet","slug":"pakasteet-1","__typename":"HierarchyPathItem"}],"isGlobalFallback":null,"countryName":{"fi":"Suomi","__typename":"CountryName"}},{"id":"6417700050275","ean":"6417700050275","name":"Myllyn Paras Torttutaikinalevyjä 500 g pakaste","price":1.99,"storeId":725782447,"__typename":"Product","approxPrice":false,"basicQuantityUnit":"KPL","comparisonPrice":3.98,"comparisonUnit":"KGM","consumerPackageSize":null,"consumerPackageUnit":null,"priceUnit":"KPL","quantityMultiplier":1,"brandName":"Myllyn Paras","slug":"myllyn-paras-torttutaikinalevyja-500-g-pakaste","isAgeLimitedByAlcohol":false,"frozen":true,"packagingLabels":["Avainlippu"],"packagingLabelCodes":["MADE_IN_FINLAND_FLAG_WITH_KEY"],"hierarchyPath":[{"id":"1591691225974003","name":"Taikinat","slug":"pakasteet-1/leivonnais-ja-leipapakasteet/taikinat","__typename":"HierarchyPathItem"},{"id":"Herkku_00000125","name":"Leivonnais- ja leipäpakasteet","slug":"pakasteet-1/leivonnais-ja-leipapakasteet","__typename":"HierarchyPathItem"},{"id":"Herkku_00000013","name":"Pakasteet","slug":"pakasteet-1","__typename":"HierarchyPathItem"}],"isGlobalFallback":null,"countryName":{"fi":"Suomi","__typename":"CountryName"}},{"id":"6417700050466","ean":"6417700050466","name":"Myllyn Paras Korppujauho 300 g","price":1.39,"storeId":725782447,"__typename":"Product","approxPrice":false,"basicQuantityUnit":"KPL","comparisonPrice":4.63,"comparisonUnit":"KGM","consumerPackageSize":null,"consumerPackageUnit":null,"priceUnit":"KPL","quantityMultiplier":1,"brandName":"Myllyn Paras","slug":"myllyn-paras-korppujauho-300-g","isAgeLimitedByAlcohol":false,"frozen":false,"packagingLabels":["Hyvää Suomesta (Sininen Joutsen)"],"packagingLabelCodes":["GOODS_FROM_FINLAND_BLUE_SWAN"],"hierarchyPath":[{"id":"Herkku_00000381","name":"Korppujauhot","slug":"kuivatuotteet-ja-leivonta-1/jauhot-ja-leivontaseokset/korppujauhot","__typename":"HierarchyPathItem"},{"id":"Herkku_00000066","name":"Jauhot ja leivontaseokset","slug":"kuivatuotteet-ja-leivonta-1/jauhot-ja-leivontaseokset","__typename":"HierarchyPathItem"},{"id":"Herkku_00000007","name":"Kuivatuotteet ja leivonta","slug":"kuivatuotteet-ja-leivonta-1","__typename":"HierarchyPathItem"}],"isGlobalFallback":null,"countryName":{"fi":"Suomi","__typename":"CountryName"}},{"id":"6417700050527","ean":"6417700050527","name":"Myllyn Paras Lasagnelevyjä 500 g","price":2.85,"storeId":725782447,"__typename":"Product","approxPrice":false,"basicQuantityUnit":"KPL","comparisonPrice":5.7,"comparisonUnit":"KGM","consumerPackageSize":null,"consumerPackageUnit":null,"priceUnit":"KPL","quantityMultiplier":1,"brandName":"Myllyn Paras","slug":"myllyn-paras-lasagnelevyja-500-g","isAgeLimitedByAlcohol":false,"frozen":false,"packagingLabels":[],"packagingLabelCodes":[],"hierarchyPath":[{"id":"Herkku_00000491","name":"Lasagnet","slug":"kuivatuotteet-ja-leivonta-1/riisit-pastat-ja-nuudelit/lasagnet","__typename":"HierarchyPathItem"},{"id":"Herkku_00000088","name":"Riisit, pastat ja nuudelit","slug":"kuivatuotteet-ja-leivonta-1/riisit-pastat-ja-nuudelit","__typename":"HierarchyPathItem"},{"id":"Herkku_00000007","name":"Kuivatuotteet ja leivonta","slug":"kuivatuotteet-ja-leivonta-1","__typename":"HierarchyPathItem"}],"isGlobalFallback":null,"countryName":{"fi":"Italia","__typename":"CountryName"}},{"id":"6417700050602","ean":"6417700050602","name":"Myllyn Paras Raketti Spagetti 350g","price":0.89,"storeId":725782447,"__typename":"Product","approxPrice":false,"basicQuantityUnit":"KPL","comparisonPrice":2.54,"comparisonUnit":"KGM","consumerPackageSize":null,"consumerPackageUnit":null,"priceUnit":"KPL","quantityMultiplier":1,"brandName":"Myllyn Paras","slug":"myllyn-paras-raketti-spagetti-350g","isAgeLimitedByAlcohol":false,"frozen":false,"packagingLabels":["Avainlippu"],"packagingLabelCodes":["MADE_IN_FINLAND_FLAG_WITH_KEY"],"hierarchyPath":[{"id":"Herkku_00000492","name":"Spagetit","slug":"kuivatuotteet-ja-leivonta-1/riisit-pastat-ja-nuudelit/spagetit","__typename":"HierarchyPathItem"},{"id":"Herkku_00000088","name":"Riisit, pastat ja nuudelit","slug":"kuivatuotteet-ja-leivonta-1/riisit-pastat-ja-nuudelit","__typename":"HierarchyPathItem"},{"id":"Herkku_00000007","name":"Kuivatuotteet ja leivonta","slug":"kuivatuotteet-ja-leivonta-1","__typename":"HierarchyPathItem"}],"isGlobalFallback":null,"countryName":{"fi":"Suomi","__typename":"CountryName"}},{"id":"6417700050725","ean":"6417700050725","name":"Myllyn Paras Makaroni 400g","price":0.48,"storeId":725782447,"__typename":"Product","approxPrice":false,"basicQuantityUnit":"KPL","comparisonPrice":1.2,"comparisonUnit":"KGM","consumerPackageSize":null,"consumerPackageUnit":null,"priceUnit":"KPL","quantityMultiplier":1,"brandName":"Myllyn Paras","slug":"myllyn-paras-makaroni-400g","isAgeLimitedByAlcohol":false,"frozen":false,"packagingLabels":["Avainlippu"],"packagingLabelCodes":["MADE_IN_FINLAND_FLAG_WITH_KEY"],"hierarchyPath":[{"id":"Herkku_00000494","name":"Makaronit","slug":"kuivatuotteet-ja-leivonta-1/riisit-pastat-ja-nuudelit/makaronit","__typename":"HierarchyPathItem"},{"id":"Herkku_00000088","name":"Riisit, pastat ja nuudelit","slug":"kuivatuotteet-ja-leivonta-1/riisit-pastat-ja-nuudelit","__typename":"HierarchyPathItem"},{"id":"Herkku_00000007","name":"Kuivatuotteet ja leivonta","slug":"kuivatuotteet-ja-leivonta-1","__typename":"HierarchyPathItem"}],"isGlobalFallback":null,"countryName":{"fi":"Suomi","__typename":"CountryName"}},{"id":"6417700050749","ean":"6417700050749","name":"Myllyn Paras Tumma Makaroni 400 g","price":0.89,"storeId":725782447,"__typename":"Product","approxPrice":false,"basicQuantityUnit":"KPL","comparisonPrice":2.23,"comparisonUnit":"KGM","consumerPackageSize":null,"consumerPackageUnit":null,"priceUnit":"KPL","quantityMultiplier":1,"brandName":"Myllyn Paras","slug":"myllyn-paras-tumma-makaroni-400-g","isAgeLimitedByAlcohol":false,"frozen":false,"packagingLabels":["Hyvää Suomesta (Sininen Joutsen)"],"packagingLabelCodes":["GOODS_FROM_FINLAND_BLUE_SWAN"],"hierarchyPath":[{"id":"Herkku_00000494","name":"Makaronit","slug":"kuivatuotteet-ja-leivonta-1/riisit-pastat-ja-nuudelit/makaronit","__typename":"HierarchyPathItem"},{"id":"Herkku_00000088","name":"Riisit, pastat ja nuudelit","slug":"kuivatuotteet-ja-leivonta-1/riisit-pastat-ja-nuudelit","__typename":"HierarchyPathItem"},{"id":"Herkku_00000007","name":"Kuivatuotteet ja leivonta","slug":"kuivatuotteet-ja-leivonta-1","__typename":"HierarchyPathItem"}],"isGlobalFallback":null,"countryName":{"fi":"Suomi","__typename":"CountryName"}},{"id":"6417700050787","ean":"6417700050787","name":"Myllyn Paras Tumma Makaroni 1 kg","price":2.25,"storeId":725782447,"__typename":"Product","approxPrice":false,"basicQuantityUnit":"KPL","comparisonPrice":2.25,"comparisonUnit":"KGM","consumerPackageSize":null,"consumerPackageUnit":null,"priceUnit":"KPL","quantityMultiplier":1,"brandName":"Myllyn Paras","slug":"myllyn-paras-tumma-makaroni-1-kg","isAgeLimitedByAlcohol":false,"frozen":false,"packagingLabels":["Hyvää Suomesta (Sininen Joutsen)"],"packagingLabelCodes":["GOODS_FROM_FINLAND_BLUE_SWAN"],"hierarchyPath":[{"id":"Herkku_00000494","name":"Makaronit","slug":"kuivatuotteet-ja-leivonta-1/riisit-pastat-ja-nuudelit/makaronit","__typename":"HierarchyPathItem"},{"id":"Herkku_00000088","name":"Riisit, pastat ja nuudelit","slug":"kuivatuotteet-ja-leivonta-1/riisit-pastat-ja-nuudelit","__typename":"HierarchyPathItem"},{"id":"Herkku_00000007","name":"Kuivatuotteet ja leivonta","slug":"kuivatuotteet-ja-leivonta-1","__typename":"HierarchyPathItem"}],"isGlobalFallback":null,"countryName":{"fi":"Suomi","__typename":"CountryName"}},{"id":"6417700051081","ean":"6417700051081","name":"Myllyn Paras Mannasuurimo 1kg","price":2.59,"storeId":725782447,"__typename":"Product","approxPrice":false,"basicQuantityUnit":"KPL","comparisonPrice":2.59,"comparisonUnit":"KGM","consumerPackageSize":null,"consumerPackageUnit":null,"priceUnit":"KPL","quantityMultiplier":1,"brandName":"Myllyn Paras","slug":"myllyn-paras-mannasuurimo-1kg","isAgeLimitedByAlcohol":false,"frozen":false,"packagingLabels":["Hyvää Suomesta (Sininen Joutsen)"],"packagingLabelCodes":["GOODS_FROM_FINLAND_BLUE_SWAN"],"hierarchyPath":[{"id":"Herkku_00000497","name":"Suurimot","slug":"kuivatuotteet-ja-leivonta-1/hiutaleet-murot-ja-myslit/suurimot","__typename":"HierarchyPathItem"},{"id":"Herkku_00000053","name":"Hiutaleet, murot ja myslit","slug":"kuivatuotteet-ja-leivonta-1/hiutaleet-murot-ja-myslit","__typename":"HierarchyPathItem"},{"id":"Herkku_00000007","name":"Kuivatuotteet ja leivonta","slug":"kuivatuotteet-ja-leivonta-1","__typename":"HierarchyPathItem"}],"isGlobalFallback":null,"countryName":{"fi":"Suomi","__typename":"CountryName"}},{"id":"6417700051364","ean":"6417700051364","name":"Myllyn Paras Pizzajauho 1 kg","price":2.99,"storeId":725782447,"__typename":"Product","approxPrice":false,"basicQuantityUnit":"KPL","comparisonPrice":2.99,"comparisonUnit":"KGM","consumerPackageSize":null,"consumerPackageUnit":null,"priceUnit":"KPL","quantityMultiplier":1,"brandName":"Myllyn Paras","slug":"myllyn-paras-pizzajauho-1-kg","isAgeLimitedByAlcohol":false,"frozen":false,"packagingLabels":["Avainlippu"],"packagingLabelCodes":["MADE_IN_FINLAND_FLAG_WITH_KEY"],"hierarchyPath":[{"id":"Herkku_00000372","name":"Jauhoseokset","slug":"kuivatuotteet-ja-leivonta-1/jauhot-ja-leivontaseokset/jauhoseokset","__typename":"HierarchyPathItem"},{"id":"Herkku_00000066","name":"Jauhot ja leivontaseokset","slug":"kuivatuotteet-ja-leivonta-1/jauhot-ja-leivontaseokset","__typename":"HierarchyPathItem"},{"id":"Herkku_00000007","name":"Kuivatuotteet ja leivonta","slug":"kuivatuotteet-ja-leivonta-1","__typename":"HierarchyPathItem"}],"isGlobalFallback":null,"countryName":{"fi":"Suomi","__typename":"CountryName"}},{"id":"6417700051487","ean":"6417700051487","name":"Myllyn Paras Ruisjauho 1 kg","price":1.55,"storeId":725782447,"__typename":"Product","approxPrice":false,"basicQuantityUnit":"KPL","comparisonPrice":1.55,"comparisonUnit":"KGM","consumerPackageSize":null,"consumerPackageUnit":null,"priceUnit":"KPL","quantityMultiplier":1,"brandName":"Myllyn Paras","slug":"myllyn-paras-ruisjauho-1-kg","isAgeLimitedByAlcohol":false,"frozen":false,"packagingLabels":[],"packagingLabelCodes":[],"hierarchyPath":[{"id":"Herkku_00000384","name":"Ruisjauhot","slug":"kuivatuotteet-ja-leivonta-1/jauhot-ja-leivontaseokset/ruisjauhot","__typename":"HierarchyPathItem"},{"id":"Herkku_00000066","name":"Jauhot ja leivontaseokset","slug":"kuivatuotteet-ja-leivonta-1/jauhot-ja-leivontaseokset","__typename":"HierarchyPathItem"},{"id":"Herkku_00000007","name":"Kuivatuotteet ja leivonta","slug":"kuivatuotteet-ja-leivonta-1","__typename":"HierarchyPathItem"}],"isGlobalFallback":null,"countryName":{"fi":"Suomi","__typename":"CountryName"}},{"id":"6417700051777","ean":"6417700051777","name":"Myllyn Paras Spagetti 1 kg","price":2.45,"storeId":725782447,"__typename":"Product","approxPrice":false,"basicQuantityUnit":"KPL","comparisonPrice":2.45,"comparisonUnit":"KGM","consumerPackageSize":null,"consumerPackageUnit":null,"priceUnit":"KPL","quantityMultiplier":1,"brandName":"Myllyn Paras","slug":"myllyn-paras-spagetti-1-kg","isAgeLimitedByAlcohol":false,"frozen":false,"packagingLabels":[],"packagingLabelCodes":[],"hierarchyPath":[{"id":"Herkku_00000492","name":"Spagetit","slug":"kuivatuotteet-ja-leivonta-1/riisit-pastat-ja-nuudelit/spagetit","__typename":"HierarchyPathItem"},{"id":"Herkku_00000088","name":"Riisit, pastat ja nuudelit","slug":"kuivatuotteet-ja-leivonta-1/riisit-pastat-ja-nuudelit","__typename":"HierarchyPathItem"},{"id":"Herkku_00000007","name":"Kuivatuotteet ja leivonta","slug":"kuivatuotteet-ja-leivonta-1","__typename":"HierarchyPathItem"}],"isGlobalFallback":null,"countryName":{"fi":"Tšekki","__typename":"CountryName"}},{"id":"6417700051913","ean":"6417700051913","name":"Myllyn Paras Riisihiutale 700 g","price":2.75,"storeId":725782447,"__typename":"Product","approxPrice":false,"basicQuantityUnit":"KPL","comparisonPrice":3.93,"comparisonUnit":"KGM","consumerPackageSize":null,"consumerPackageUnit":null,"priceUnit":"KPL","quantityMultiplier":1,"brandName":"Myllyn Paras","slug":"myllyn-paras-riisihiutale-700-g","isAgeLimitedByAlcohol":false,"frozen":false,"packagingLabels":[],"packagingLabelCodes":[],"hierarchyPath":[{"id":"Herkku_00000498","name":"Muut hiutaleet","slug":"kuivatuotteet-ja-leivonta-1/hiutaleet-murot-ja-myslit/muut-hiutaleet","__typename":"HierarchyPathItem"},{"id":"Herkku_00000053","name":"Hiutaleet, murot ja myslit","slug":"kuivatuotteet-ja-leivonta-1/hiutaleet-murot-ja-myslit","__typename":"HierarchyPathItem"},{"id":"Herkku_00000007","name":"Kuivatuotteet ja leivonta","slug":"kuivatuotteet-ja-leivonta-1","__typename":"HierarchyPathItem"}],"isGlobalFallback":null,"countryName":{"fi":"Suomi","__typename":"CountryName"}},{"id":"6417700052590","ean":"6417700052590","name":"Myllyn Paras Irtonainen Riisi+Ohra 1 kg","price":2.45,"storeId":725782447,"__typename":"Product","approxPrice":false,"basicQuantityUnit":"KPL","comparisonPrice":2.45,"comparisonUnit":"KGM","consumerPackageSize":null,"consumerPackageUnit":null,"priceUnit":"KPL","quantityMultiplier":1,"brandName":"Myllyn Paras","slug":"myllyn-paras-irtonainen-riisiohra-1-kg","isAgeLimitedByAlcohol":false,"frozen":false,"packagingLabels":["Avainlippu"],"packagingLabelCodes":["MADE_IN_FINLAND_FLAG_WITH_KEY"],"hierarchyPath":[{"id":"Herkku_00000478","name":"Riisisekoitukset","slug":"kuivatuotteet-ja-leivonta-1/riisit-pastat-ja-nuudelit/riisisekoitukset","__typename":"HierarchyPathItem"},{"id":"Herkku_00000088","name":"Riisit, pastat ja nuudelit","slug":"kuivatuotteet-ja-leivonta-1/riisit-pastat-ja-nuudelit","__typename":"HierarchyPathItem"},{"id":"Herkku_00000007","name":"Kuivatuotteet ja leivonta","slug":"kuivatuotteet-ja-leivonta-1","__typename":"HierarchyPathItem"}],"isGlobalFallback":null,"countryName":{"fi":"Suomi","__typename":"CountryName"}},{"id":"6417700052620","ean":"6417700052620","name":"Myllyn Paras Esikypsytetty Rikottu Ohrasuurimo 1kg","price":2.09,"storeId":725782447,"__typename":"Product","approxPrice":false,"basicQuantityUnit":"KPL","comparisonPrice":2.09,"comparisonUnit":"KGM","consumerPackageSize":null,"consumerPackageUnit":null,"priceUnit":"KPL","quantityMultiplier":1,"brandName":"Myllyn Paras","slug":"myllyn-paras-esikypsytetty-rikottu-ohrasuurimo-1kg","isAgeLimitedByAlcohol":false,"frozen":false,"packagingLabels":["Avainlippu"],"packagingLabelCodes":["MADE_IN_FINLAND_FLAG_WITH_KEY"],"hierarchyPath":[{"id":"Herkku_00000497","name":"Suurimot","slug":"kuivatuotteet-ja-leivonta-1/hiutaleet-murot-ja-myslit/suurimot","__typename":"HierarchyPathItem"},{"id":"Herkku_00000053","name":"Hiutaleet, murot ja myslit","slug":"kuivatuotteet-ja-leivonta-1/hiutaleet-murot-ja-myslit","__typename":"HierarchyPathItem"},{"id":"Herkku_00000007","name":"Kuivatuotteet ja leivonta","slug":"kuivatuotteet-ja-leivonta-1","__typename":"HierarchyPathItem"}],"isGlobalFallback":null,"countryName":{"fi":"Suomi","__typename":"CountryName"}},{"id":"6417700054495","ean":"6417700054495","name":"Myllyn Paras Ruishiutale 600 g","price":1.45,"storeId":725782447,"__typename":"Product","approxPrice":false,"basicQuantityUnit":"KPL","comparisonPrice":2.42,"comparisonUnit":"KGM","consumerPackageSize":null,"consumerPackageUnit":null,"priceUnit":"KPL","quantityMultiplier":1,"brandName":"Myllyn Paras","slug":"myllyn-paras-ruishiutale-600-g","isAgeLimitedByAlcohol":false,"frozen":false,"packagingLabels":[],"packagingLabelCodes":[],"hierarchyPath":[{"id":"Herkku_00000498","name":"Muut hiutaleet","slug":"kuivatuotteet-ja-leivonta-1/hiutaleet-murot-ja-myslit/muut-hiutaleet","__typename":"HierarchyPathItem"},{"id":"Herkku_00000053","name":"Hiutaleet, murot ja myslit","slug":"kuivatuotteet-ja-leivonta-1/hiutaleet-murot-ja-myslit","__typename":"HierarchyPathItem"},{"id":"Herkku_00000007","name":"Kuivatuotteet ja leivonta","slug":"kuivatuotteet-ja-leivonta-1","__typename":"HierarchyPathItem"}],"isGlobalFallback":null,"countryName":{"fi":"Suomi","__typename":"CountryName"}},{"id":"6417700054860","ean":"6417700054860","name":"Myllyn Paras Kauramakaroni 350g","price":0.95,"storeId":725782447,"__typename":"Product","approxPrice":false,"basicQuantityUnit":"KPL","comparisonPrice":2.71,"comparisonUnit":"KGM","consumerPackageSize":null,"consumerPackageUnit":null,"priceUnit":"KPL","quantityMultiplier":1,"brandName":"Myllyn Paras","slug":"myllyn-paras-kauramakaroni-350g","isAgeLimitedByAlcohol":false,"frozen":false,"packagingLabels":["Hyvää Suomesta (Sininen Joutsen)"],"packagingLabelCodes":["GOODS_FROM_FINLAND_BLUE_SWAN"],"hierarchyPath":[{"id":"Herkku_00000494","name":"Makaronit","slug":"kuivatuotteet-ja-leivonta-1/riisit-pastat-ja-nuudelit/makaronit","__typename":"HierarchyPathItem"},{"id":"Herkku_00000088","name":"Riisit, pastat ja nuudelit","slug":"kuivatuotteet-ja-leivonta-1/riisit-pastat-ja-nuudelit","__typename":"HierarchyPathItem"},{"id":"Herkku_00000007","name":"Kuivatuotteet ja leivonta","slug":"kuivatuotteet-ja-leivonta-1","__typename":"HierarchyPathItem"}],"isGlobalFallback":null,"countryName":{"fi":"Suomi","__typename":"CountryName"}},{"id":"6417700055898","ean":"6417700055898","name":"Myllyn Paras Puuroriisi 1kg","price":2.25,"storeId":725782447,"__typename":"Product","approxPrice":false,"basicQuantityUnit":"KPL","comparisonPrice":2.25,"comparisonUnit":"KGM","consumerPackageSize":null,"consumerPackageUnit":null,"priceUnit":"KPL","quantityMultiplier":1,"brandName":"Myllyn Paras","slug":"myllyn-paras-puuroriisi-1kg","isAgeLimitedByAlcohol":false,"frozen":false,"packagingLabels":[],"packagingLabelCodes":[],"hierarchyPath":[{"id":"Herkku_00000480","name":"Puuroriisit","slug":"kuivatuotteet-ja-leivonta-1/riisit-pastat-ja-nuudelit/puuroriisit","__typename":"HierarchyPathItem"},{"id":"Herkku_00000088","name":"Riisit, pastat ja nuudelit","slug":"kuivatuotteet-ja-leivonta-1/riisit-pastat-ja-nuudelit","__typename":"HierarchyPathItem"},{"id":"Herkku_00000007","name":"Kuivatuotteet ja leivonta","slug":"kuivatuotteet-ja-leivonta-1","__typename":"HierarchyPathItem"}],"isGlobalFallback":null,"countryName":{"fi":"Suomi","__typename":"CountryName"}},{"id":"6417700055942","ean":"6417700055942","name":"Myllyn Paras Pitkäriisi 1kg","price":2.55,"storeId":725782447,"__typename":"Product","approxPrice":false,"basicQuantityUnit":"KPL","comparisonPrice":2.55,"comparisonUnit":"KGM","consumerPackageSize":null,"consumerPackageUnit":null,"priceUnit":"KPL","quantityMultiplier":1,"brandName":"Myllyn Paras","slug":"myllyn-paras-pitkariisi-1kg","isAgeLimitedByAlcohol":false,"frozen":false,"packagingLabels":[],"packagingLabelCodes":[],"hierarchyPath":[{"id":"Herkku_00000477","name":"Pitkäjyväiset riisit","slug":"kuivatuotteet-ja-leivonta-1/riisit-pastat-ja-nuudelit/pitkajyvaiset-riisit","__typename":"HierarchyPathItem"},{"id":"Herkku_00000088","name":"Riisit, pastat ja nuudelit","slug":"kuivatuotteet-ja-leivonta-1/riisit-pastat-ja-nuudelit","__typename":"HierarchyPathItem"},{"id":"Herkku_00000007","name":"Kuivatuotteet ja leivonta","slug":"kuivatuotteet-ja-leivonta-1","__typename":"HierarchyPathItem"}],"isGlobalFallback":null,"countryName":{"fi":"Suomi","__typename":"CountryName"}},{"id":"6417700056079","ean":"6417700056079","name":"Myllyn Paras Irtonainen Kaura+Riisi 1 kg","price":2.55,"storeId":725782447,"__typename":"Product","approxPrice":false,"basicQuantityUnit":"KPL","comparisonPrice":2.55,"comparisonUnit":"KGM","consumerPackageSize":null,"consumerPackageUnit":null,"priceUnit":"KPL","quantityMultiplier":1,"brandName":"Myllyn Paras","slug":"myllyn-paras-irtonainen-kaurariisi-1-kg","isAgeLimitedByAlcohol":false,"frozen":false,"packagingLabels":["Avainlippu"],"packagingLabelCodes":["MADE_IN_FINLAND_FLAG_WITH_KEY"],"hierarchyPath":[{"id":"Herkku_00000478","name":"Riisisekoitukset","slug":"kuivatuotteet-ja-leivonta-1/riisit-pastat-ja-nuudelit/riisisekoitukset","__typename":"HierarchyPathItem"},{"id":"Herkku_00000088","name":"Riisit, pastat ja nuudelit","slug":"kuivatuotteet-ja-leivonta-1/riisit-pastat-ja-nuudelit","__typename":"HierarchyPathItem"},{"id":"Herkku_00000007","name":"Kuivatuotteet ja leivonta","slug":"kuivatuotteet-ja-leivonta-1","__typename":"HierarchyPathItem"}],"isGlobalFallback":null,"countryName":{"fi":"Suomi","__typename":"CountryName"}},{"id":"6417700056109","ean":"6417700056109","name":"Myllyn Paras Täysjyvä Raketti Spagetti 350g","price":0.95,"storeId":725782447,"__typename":"Product","approxPrice":false,"basicQuantityUnit":"KPL","comparisonPrice":2.71,"comparisonUnit":"KGM","consumerPackageSize":null,"consumerPackageUnit":null,"priceUnit":"KPL","quantityMultiplier":1,"brandName":"Myllyn Paras","slug":"myllyn-paras-taysjyva-raketti-spagetti-350g","isAgeLimitedByAlcohol":false,"frozen":false,"packagingLabels":["Avainlippu"],"packagingLabelCodes":["MADE_IN_FINLAND_FLAG_WITH_KEY"],"hierarchyPath":[{"id":"Herkku_00000492","name":"Spagetit","slug":"kuivatuotteet-ja-leivonta-1/riisit-pastat-ja-nuudelit/spagetit","__typename":"HierarchyPathItem"},{"id":"Herkku_00000088","name":"Riisit, pastat ja nuudelit","slug":"kuivatuotteet-ja-leivonta-1/riisit-pastat-ja-nuudelit","__typename":"HierarchyPathItem"},{"id":"Herkku_00000007","name":"Kuivatuotteet ja leivonta","slug":"kuivatuotteet-ja-leivonta-1","__typename":"HierarchyPathItem"}],"isGlobalFallback":null,"countryName":{"fi":"Suomi","__typename":"CountryName"}},{"id":"6417700060014","ean":"6417700060014","name":"Myllyn Paras Lehtitaikina palmuöljytön 500 g pakaste","price":2.59,"storeId":725782447,"__typename":"Product","approxPrice":false,"basicQuantityUnit":"KPL","comparisonPrice":5.18,"comparisonUnit":"KGM","consumerPackageSize":null,"consumerPackageUnit":null,"priceUnit":"KPL","quantityMultiplier":1,"brandName":"Myllyn Paras","slug":"myllyn-paras-lehtitaikina-palmuoljyton-500-g-pakaste","isAgeLimitedByAlcohol":false,"frozen":true,"packagingLabels":["Avainlippu"],"packagingLabelCodes":["MADE_IN_FINLAND_FLAG_WITH_KEY"],"hierarchyPath":[{"id":"1591691225974003","name":"Taikinat","slug":"pakasteet-1/leivonnais-ja-leipapakasteet/taikinat","__typename":"HierarchyPathItem"},{"id":"Herkku_00000125","name":"Leivonnais- ja leipäpakasteet","slug":"pakasteet-1/leivonnais-ja-leipapakasteet","__typename":"HierarchyPathItem"},{"id":"Herkku_00000013","name":"Pakasteet","slug":"pakasteet-1","__typename":"HierarchyPathItem"}],"isGlobalFallback":null,"countryName":{"fi":"Suomi","__typename":"CountryName"}},{"id":"6417700060205","ean":"6417700060205","name":"Myllyn Paras Torttutaikinalevyjä 1 kg pakaste","price":2.79,"storeId":725782447,"__typename":"Product","approxPrice":false,"basicQuantityUnit":"KPL","comparisonPrice":2.79,"comparisonUnit":"KGM","consumerPackageSize":null,"consumerPackageUnit":null,"priceUnit":"KPL","quantityMultiplier":1,"brandName":"Myllyn Paras","slug":"myllyn-paras-torttutaikinalevyja-1-kg-pakaste","isAgeLimitedByAlcohol":false,"frozen":true,"packagingLabels":["Avainlippu"],"packagingLabelCodes":["MADE_IN_FINLAND_FLAG_WITH_KEY"],"hierarchyPath":[{"id":"1591691225974003","name":"Taikinat","slug":"pakasteet-1/leivonnais-ja-leipapakasteet/taikinat","__typename":"HierarchyPathItem"},{"id":"Herkku_00000125","name":"Leivonnais- ja leipäpakasteet","slug":"pakasteet-1/leivonnais-ja-leipapakasteet","__typename":"HierarchyPathItem"},{"id":"Herkku_00000013","name":"Pakasteet","slug":"pakasteet-1","__typename":"HierarchyPathItem"}],"isGlobalFallback":null,"countryName":{"fi":"Suomi","__typename":"CountryName"}},{"id":"6417700060298","ean":"6417700060298","name":"Myllyn Paras Joulutorttu 360 g pakaste","price":3.15,"storeId":725782447,"__typename":"Product","approxPrice":false,"basicQuantityUnit":"KPL","comparisonPrice":8.75,"comparisonUnit":"KGM","consumerPackageSize":null,"consumerPackageUnit":null,"priceUnit":"KPL","quantityMultiplier":1,"brandName":"Myllyn Paras","slug":"myllyn-paras-joulutorttu-360-g-pakaste","isAgeLimitedByAlcohol":false,"frozen":true,"packagingLabels":["Avainlippu"],"packagingLabelCodes":["MADE_IN_FINLAND_FLAG_WITH_KEY"],"hierarchyPath":[{"id":"1591691225974004","name":"Kakut, pullat ja leivokset","slug":"pakasteet-1/leivonnais-ja-leipapakasteet/kakut-pullat-ja-leivokset","__typename":"HierarchyPathItem"},{"id":"Herkku_00000125","name":"Leivonnais- ja leipäpakasteet","slug":"pakasteet-1/leivonnais-ja-leipapakasteet","__typename":"HierarchyPathItem"},{"id":"Herkku_00000013","name":"Pakasteet","slug":"pakasteet-1","__typename":"HierarchyPathItem"}],"isGlobalFallback":null,"countryName":{"fi":"Suomi","__typename":"CountryName"}},{"id":"6417700060601","ean":"6417700060601","name":"Myllyn Paras Cocktail-Perunapiirakka 450 g pakaste","price":2.75,"storeId":725782447,"__typename":"Product","approxPrice":false,"basicQuantityUnit":"KPL","comparisonPrice":6.11,"comparisonUnit":"KGM","consumerPackageSize":null,"consumerPackageUnit":null,"priceUnit":"KPL","quantityMultiplier":1,"brandName":"Myllyn Paras","slug":"myllyn-paras-cocktail-perunapiirakka-450-g-pakaste","isAgeLimitedByAlcohol":false,"frozen":true,"packagingLabels":["Avainlippu"],"packagingLabelCodes":["MADE_IN_FINLAND_FLAG_WITH_KEY"],"hierarchyPath":[{"id":"1591691225974009","name":"Piirakat ja pasteijat","slug":"pakasteet-1/leivonnais-ja-leipapakasteet/piirakat-ja-pasteijat","__typename":"HierarchyPathItem"},{"id":"Herkku_00000125","name":"Leivonnais- ja leipäpakasteet","slug":"pakasteet-1/leivonnais-ja-leipapakasteet","__typename":"HierarchyPathItem"},{"id":"Herkku_00000013","name":"Pakasteet","slug":"pakasteet-1","__typename":"HierarchyPathItem"}],"isGlobalFallback":null,"countryName":{"fi":"Suomi","__typename":"CountryName"}},{"id":"6417700060960","ean":"6417700060960","name":"Myllyn Paras Korvapuusti 560 g pakaste","price":3.89,"storeId":725782447,"__typename":"Product","approxPrice":false,"basicQuantityUnit":"KPL","comparisonPrice":6.95,"comparisonUnit":"KGM","consumerPackageSize":null,"consumerPackageUnit":null,"priceUnit":"KPL","quantityMultiplier":1,"brandName":"Myllyn Paras","slug":"myllyn-paras-korvapuusti-560-g-pakaste","isAgeLimitedByAlcohol":false,"frozen":true,"packagingLabels":["Avainlippu"],"packagingLabelCodes":["MADE_IN_FINLAND_FLAG_WITH_KEY"],"hierarchyPath":[{"id":"1591691225974004","name":"Kakut, pullat ja leivokset","slug":"pakasteet-1/leivonnais-ja-leipapakasteet/kakut-pullat-ja-leivokset","__typename":"HierarchyPathItem"},{"id":"Herkku_00000125","name":"Leivonnais- ja leipäpakasteet","slug":"pakasteet-1/leivonnais-ja-leipapakasteet","__typename":"HierarchyPathItem"},{"id":"Herkku_00000013","name":"Pakasteet","slug":"pakasteet-1","__typename":"HierarchyPathItem"}],"isGlobalFallback":null,"countryName":{"fi":"Suomi","__typename":"CountryName"}},{"id":"6417700067501","ean":"6417700067501","name":"Myllyn Paras Laktoositon Piparitaikina 500g pakaste","price":2.29,"storeId":725782447,"__typename":"Product","approxPrice":false,"basicQuantityUnit":"KPL","comparisonPrice":4.58,"comparisonUnit":"KGM","consumerPackageSize":null,"consumerPackageUnit":null,"priceUnit":"KPL","quantityMultiplier":1,"brandName":"Myllyn Paras","slug":"myllyn-paras-laktoositon-piparitaikina-500g-pakaste","isAgeLimitedByAlcohol":false,"frozen":true,"packagingLabels":["Avainlippu"],"packagingLabelCodes":["MADE_IN_FINLAND_FLAG_WITH_KEY"],"hierarchyPath":[{"id":"1591691225974003","name":"Taikinat","slug":"pakasteet-1/leivonnais-ja-leipapakasteet/taikinat","__typename":"HierarchyPathItem"},{"id":"Herkku_00000125","name":"Leivonnais- ja leipäpakasteet","slug":"pakasteet-1/leivonnais-ja-leipapakasteet","__typename":"HierarchyPathItem"},{"id":"Herkku_00000013","name":"Pakasteet","slug":"pakasteet-1","__typename":"HierarchyPathItem"}],"isGlobalFallback":null,"countryName":{"fi":"Suomi","__typename":"CountryName"}},{"id":"6417700067754","ean":"6417700067754","name":"Myllyn Paras Pyöreä Piirakkataikina makea 380g pakaste","price":2.55,"storeId":725782447,"__typename":"Product","approxPrice":false,"basicQuantityUnit":"KPL","comparisonPrice":6.71,"comparisonUnit":"KGM","consumerPackageSize":null,"consumerPackageUnit":null,"priceUnit":"KPL","quantityMultiplier":1,"brandName":"Myllyn Paras","slug":"myllyn-paras-pyorea-piirakkataikina-makea-380g-pakaste","isAgeLimitedByAlcohol":false,"frozen":true,"packagingLabels":["Avainlippu"],"packagingLabelCodes":["MADE_IN_FINLAND_FLAG_WITH_KEY"],"hierarchyPath":[{"id":"1591691225974003","name":"Taikinat","slug":"pakasteet-1/leivonnais-ja-leipapakasteet/taikinat","__typename":"HierarchyPathItem"},{"id":"Herkku_00000125","name":"Leivonnais- ja leipäpakasteet","slug":"pakasteet-1/leivonnais-ja-leipapakasteet","__typename":"HierarchyPathItem"},{"id":"Herkku_00000013","name":"Pakasteet","slug":"pakasteet-1","__typename":"HierarchyPathItem"}],"isGlobalFallback":null,"countryName":{"fi":"Suomi","__typename":"CountryName"}},{"id":"6417700067761","ean":"6417700067761","name":"Myllyn Paras Pyöreä Piirakkataikina suolainen 380 g pakaste","price":2.55,"storeId":725782447,"__typename":"Product","approxPrice":false,"basicQuantityUnit":"KPL","comparisonPrice":6.71,"comparisonUnit":"KGM","consumerPackageSize":null,"consumerPackageUnit":null,"priceUnit":"KPL","quantityMultiplier":1,"brandName":"Myllyn Paras","slug":"myllyn-paras-pyorea-piirakkataikina-suolainen-380-g-pakaste","isAgeLimitedByAlcohol":false,"frozen":true,"packagingLabels":["Avainlippu"],"packagingLabelCodes":["MADE_IN_FINLAND_FLAG_WITH_KEY"],"hierarchyPath":[{"id":"1591691225974003","name":"Taikinat","slug":"pakasteet-1/leivonnais-ja-leipapakasteet/taikinat","__typename":"HierarchyPathItem"},{"id":"Herkku_00000125","name":"Leivonnais- ja leipäpakasteet","slug":"pakasteet-1/leivonnais-ja-leipapakasteet","__typename":"HierarchyPathItem"},{"id":"Herkku_00000013","name":"Pakasteet","slug":"pakasteet-1","__typename":"HierarchyPathItem"}],"isGlobalFallback":null,"countryName":{"fi":"Suomi","__typename":"CountryName"}},{"id":"6417728008081","ean":"6417728008081","name":"Olympian Sun Paahtomix 100g","price":1.98,"storeId":725782447,"__typename":"Product","approxPrice":false,"basicQuantityUnit":"KPL","comparisonPrice":19.8,"comparisonUnit":"KGM","consumerPackageSize":null,"consumerPackageUnit":null,"priceUnit":"KPL","quantityMultiplier":1,"brandName":"Olympian","slug":"olympian-sun-paahtomix-100g","isAgeLimitedByAlcohol":false,"frozen":false,"packagingLabels":[],"packagingLabelCodes":[],"hierarchyPath":[{"id":"Herkku_00000307","name":"Siemenet","slug":"kuivatuotteet-ja-leivonta-1/siemenet-pahkinat-ja-kuivatut-hedelmat/siemenet","__typename":"HierarchyPathItem"},{"id":"Herkku_00000050","name":"Siemenet, pähkinät ja kuivatut hedelmät","slug":"kuivatuotteet-ja-leivonta-1/siemenet-pahkinat-ja-kuivatut-hedelmat","__typename":"HierarchyPathItem"},{"id":"Herkku_00000007","name":"Kuivatuotteet ja leivonta","slug":"kuivatuotteet-ja-leivonta-1","__typename":"HierarchyPathItem"}],"isGlobalFallback":null,"countryName":{"fi":"Bulgaria","__typename":"CountryName"}},{"id":"6417777051076","ean":"6417777051076","name":"Maitokolmio PROFIT laktoositon suklaa fudge proteiinivanukas 150g","price":1.39,"storeId":725782447,"__typename":"Product","approxPrice":false,"basicQuantityUnit":"KPL","comparisonPrice":9.27,"comparisonUnit":"KGM","consumerPackageSize":null,"consumerPackageUnit":null,"priceUnit":"KPL","quantityMultiplier":1,"brandName":"PROFIT","slug":"maitokolmio-profit-laktoositon-suklaa-fudge-proteiinivanukas-150g","isAgeLimitedByAlcohol":false,"frozen":false,"packagingLabels":["Rainforest alliance certified (Sammakko-merkki)"],"packagingLabelCodes":["RAINFOREST_ALLIANCE"],"hierarchyPath":[{"id":"Herkku_00000625","name":"Vanukkaat","slug":"maito-munat-ja-rasvat-0/rahkat-vanukkaat-ja-jalkiruoka/vanukkaat","__typename":"HierarchyPathItem"},{"id":"Herkku_00000115","name":"Rahkat, vanukkaat ja jälkiruoka","slug":"maito-munat-ja-rasvat-0/rahkat-vanukkaat-ja-jalkiruoka","__typename":"HierarchyPathItem"},{"id":"Herkku_00000006","name":"Maito, munat ja rasvat","slug":"maito-munat-ja-rasvat-0","__typename":"HierarchyPathItem"}],"isGlobalFallback":null,"countryName":{"fi":"Suomi","__typename":"CountryName"}},{"id":"6417777052011","ean":"6417777052011","name":"TUPLA+ laktoositon suklaa proteiinivanukas 180g","price":1.94,"storeId":725782447,"__typename":"Product","approxPrice":false,"basicQuantityUnit":"KPL","comparisonPrice":10.78,"comparisonUnit":"KGM","consumerPackageSize":null,"consumerPackageUnit":null,"priceUnit":"KPL","quantityMultiplier":1,"brandName":"Tupla +","slug":"tupla-laktoositon-suklaa-proteiinivanukas-180g","isAgeLimitedByAlcohol":false,"frozen":false,"packagingLabels":["UTZ Certified Cocoa"],"packagingLabelCodes":["UTZ_CERTIFIED_COCOA"],"hierarchyPath":[{"id":"Herkku_00000625","name":"Vanukkaat","slug":"maito-munat-ja-rasvat-0/rahkat-vanukkaat-ja-jalkiruoka/vanukkaat","__typename":"HierarchyPathItem"},{"id":"Herkku_00000115","name":"Rahkat, vanukkaat ja jälkiruoka","slug":"maito-munat-ja-rasvat-0/rahkat-vanukkaat-ja-jalkiruoka","__typename":"HierarchyPathItem"},{"id":"Herkku_00000006","name":"Maito, munat ja rasvat","slug":"maito-munat-ja-rasvat-0","__typename":"HierarchyPathItem"}],"isGlobalFallback":null,"countryName":{"fi":"Suomi","__typename":"CountryName"}},{"id":"6417777052028","ean":"6417777052028","name":"TUPLA+ laktoositon suolainen kinuski proteiinivanukas 180g","price":1.94,"storeId":725782447,"__typename":"Product","approxPrice":false,"basicQuantityUnit":"KPL","comparisonPrice":10.78,"comparisonUnit":"KGM","consumerPackageSize":null,"consumerPackageUnit":null,"priceUnit":"KPL","quantityMultiplier":1,"brandName":"Tupla +","slug":"tupla-laktoositon-suolainen-kinuski-proteiinivanukas-180g","isAgeLimitedByAlcohol":false,"frozen":false,"packagingLabels":[],"packagingLabelCodes":[],"hierarchyPath":[{"id":"Herkku_00000625","name":"Vanukkaat","slug":"maito-munat-ja-rasvat-0/rahkat-vanukkaat-ja-jalkiruoka/vanukkaat","__typename":"HierarchyPathItem"},{"id":"Herkku_00000115","name":"Rahkat, vanukkaat ja jälkiruoka","slug":"maito-munat-ja-rasvat-0/rahkat-vanukkaat-ja-jalkiruoka","__typename":"HierarchyPathItem"},{"id":"Herkku_00000006","name":"Maito, munat ja rasvat","slug":"maito-munat-ja-rasvat-0","__typename":"HierarchyPathItem"}],"isGlobalFallback":null,"countryName":{"fi":"Suomi","__typename":"CountryName"}},{"id":"6417777053230","ean":"6417777053230","name":"TUPLA+ laktoositon choco toffee protein milkshake 280ml","price":2.19,"storeId":725782447,"__typename":"Product","approxPrice":false,"basicQuantityUnit":"KPL","comparisonPrice":7.82,"comparisonUnit":"LTR","consumerPackageSize":null,"consumerPackageUnit":null,"priceUnit":"KPL","quantityMultiplier":1,"brandName":"Tupla +","slug":"tupla-laktoositon-choco-toffee-protein-milkshake-280ml","isAgeLimitedByAlcohol":false,"frozen":false,"packagingLabels":["Rainforest alliance certified (Sammakko-merkki)"],"packagingLabelCodes":["RAINFOREST_ALLIANCE"],"hierarchyPath":[{"id":"Herkku_00000625","name":"Vanukkaat","slug":"maito-munat-ja-rasvat-0/rahkat-vanukkaat-ja-jalkiruoka/vanukkaat","__typename":"HierarchyPathItem"},{"id":"Herkku_00000115","name":"Rahkat, vanukkaat ja jälkiruoka","slug":"maito-munat-ja-rasvat-0/rahkat-vanukkaat-ja-jalkiruoka","__typename":"HierarchyPathItem"},{"id":"Herkku_00000006","name":"Maito, munat ja rasvat","slug":"maito-munat-ja-rasvat-0","__typename":"HierarchyPathItem"}],"isGlobalFallback":null,"countryName":{"fi":"Suomi","__typename":"CountryName"}},{"id":"6417801801202","ean":"6417801801202","name":"Paulúns kaakao ja vadelma granola muromysli 450g","price":5.29,"storeId":725782447,"__typename":"Product","approxPrice":false,"basicQuantityUnit":"KPL","comparisonPrice":11.76,"comparisonUnit":"KGM","consumerPackageSize":null,"consumerPackageUnit":null,"priceUnit":"KPL","quantityMultiplier":1,"brandName":"Pauluns","slug":"pauluns-kaakao-ja-vadelma-granola-muromysli-450g","isAgeLimitedByAlcohol":false,"frozen":false,"packagingLabels":["FSC-sertifikaatti (Forest Stewardship Council)"," Sydänmerkki"],"packagingLabelCodes":["FINNISH_HEART_SYMBOL"," FOREST_STEWARDSHIP_COUNCIL_LABEL"],"hierarchyPath":[{"id":"Herkku_00000317","name":"Myslit","slug":"kuivatuotteet-ja-leivonta-1/hiutaleet-murot-ja-myslit/myslit","__typename":"HierarchyPathItem"},{"id":"Herkku_00000053","name":"Hiutaleet, murot ja myslit","slug":"kuivatuotteet-ja-leivonta-1/hiutaleet-murot-ja-myslit","__typename":"HierarchyPathItem"},{"id":"Herkku_00000007","name":"Kuivatuotteet ja leivonta","slug":"kuivatuotteet-ja-leivonta-1","__typename":"HierarchyPathItem"}],"isGlobalFallback":null,"countryName":{"fi":"Tanska","__typename":"CountryName"}},{"id":"6417801801226","ean":"6417801801226","name":"Paulúns hasselpähkinä ja taateli granola muromysli 450g","price":5.29,"storeId":725782447,"__typename":"Product","approxPrice":false,"basicQuantityUnit":"KPL","comparisonPrice":11.76,"comparisonUnit":"KGM","consumerPackageSize":null,"consumerPackageUnit":null,"priceUnit":"KPL","quantityMultiplier":1,"brandName":"Pauluns","slug":"pauluns-hasselpahkina-ja-taateli-granola-muromysli-450g","isAgeLimitedByAlcohol":false,"frozen":false,"packagingLabels":["FSC-sertifikaatti (Forest Stewardship Council)"],"packagingLabelCodes":["FOREST_STEWARDSHIP_COUNCIL_LABEL"],"hierarchyPath":[{"id":"Herkku_00000317","name":"Myslit","slug":"kuivatuotteet-ja-leivonta-1/hiutaleet-murot-ja-myslit/myslit","__typename":"HierarchyPathItem"},{"id":"Herkku_00000053","name":"Hiutaleet, murot ja myslit","slug":"kuivatuotteet-ja-leivonta-1/hiutaleet-murot-ja-myslit","__typename":"HierarchyPathItem"},{"id":"Herkku_00000007","name":"Kuivatuotteet ja leivonta","slug":"kuivatuotteet-ja-leivonta-1","__typename":"HierarchyPathItem"}],"isGlobalFallback":null,"countryName":{"fi":"Tanska","__typename":"CountryName"}},{"id":"6417802348249","ean":"6417802348249","name":"Ekströms mansikkainen sekamehutiiviste 0,5l","price":5.3500000000000005,"storeId":725782447,"__typename":"Product","approxPrice":false,"basicQuantityUnit":"KPL","comparisonPrice":10.3,"comparisonUnit":"LTR","consumerPackageSize":null,"consumerPackageUnit":null,"priceUnit":"KPL","quantityMultiplier":1,"brandName":"Ekströms","slug":"ekstroms-mansikkainen-sekamehutiiviste-0-5l","isAgeLimitedByAlcohol":false,"frozen":false,"packagingLabels":[],"packagingLabelCodes":[],"hierarchyPath":[{"id":"Herkku_00000652","name":"Mehutiivisteet","slug":"juomat-1/mehut/mehutiivisteet","__typename":"HierarchyPathItem"},{"id":"Herkku_00000120","name":"Mehut","slug":"juomat-1/mehut","__typename":"HierarchyPathItem"},{"id":"Herkku_00000005","name":"Juomat","slug":"juomat-1","__typename":"HierarchyPathItem"}],"isGlobalFallback":null,"countryName":{"fi":"Ruotsi","__typename":"CountryName"}},{"id":"6417802360210","ean":"6417802360210","name":"FUN Light appelsiininmakuinen juomatiiviste 1,0l","price":5.1000000000000005,"storeId":725782447,"__typename":"Product","approxPrice":false,"basicQuantityUnit":"KPL","comparisonPrice":4.7,"comparisonUnit":"LTR","consumerPackageSize":null,"consumerPackageUnit":null,"priceUnit":"KPL","quantityMultiplier":1,"brandName":"Fun Light","slug":"fun-light-appelsiininmakuinen-juomatiiviste-1-0l","isAgeLimitedByAlcohol":false,"frozen":false,"packagingLabels":[],"packagingLabelCodes":[],"hierarchyPath":[{"id":"Herkku_00000652","name":"Mehutiivisteet","slug":"juomat-1/mehut/mehutiivisteet","__typename":"HierarchyPathItem"},{"id":"Herkku_00000120","name":"Mehut","slug":"juomat-1/mehut","__typename":"HierarchyPathItem"},{"id":"Herkku_00000005","name":"Juomat","slug":"juomat-1","__typename":"HierarchyPathItem"}],"isGlobalFallback":null,"countryName":{"fi":"Ruotsi","__typename":"CountryName"}},{"id":"6417802367196","ean":"6417802367196","name":"FUN Light metsämarjanmakuinen juomatiiviste 0,5l","price":2.6500000000000004,"storeId":725782447,"__typename":"Product","approxPrice":false,"basicQuantityUnit":"KPL","comparisonPrice":4.9,"comparisonUnit":"LTR","consumerPackageSize":null,"consumerPackageUnit":null,"priceUnit":"KPL","quantityMultiplier":1,"brandName":"Fun Light","slug":"fun-light-metsamarjanmakuinen-juomatiiviste-0-5l","isAgeLimitedByAlcohol":false,"frozen":false,"packagingLabels":[],"packagingLabelCodes":[],"hierarchyPath":[{"id":"Herkku_00000652","name":"Mehutiivisteet","slug":"juomat-1/mehut/mehutiivisteet","__typename":"HierarchyPathItem"},{"id":"Herkku_00000120","name":"Mehut","slug":"juomat-1/mehut","__typename":"HierarchyPathItem"},{"id":"Herkku_00000005","name":"Juomat","slug":"juomat-1","__typename":"HierarchyPathItem"}],"isGlobalFallback":null,"countryName":{"fi":"Ruotsi","__typename":"CountryName"}},{"id":"6417805460214","ean":"6417805460214","name":"Abba MSC yellowfin tonnikalaa öljyssä 150/105g","price":3.65,"storeId":725782447,"__typename":"Product","approxPrice":false,"basicQuantityUnit":"KPL","comparisonPrice":34.76,"comparisonUnit":"KGM","consumerPackageSize":null,"consumerPackageUnit":null,"priceUnit":"KPL","quantityMultiplier":1,"brandName":"Abba","slug":"abba-msc-yellowfin-tonnikalaa-oljyssa-150105g","isAgeLimitedByAlcohol":false,"frozen":false,"packagingLabels":["MSC (Marine Stewardship Council)"],"packagingLabelCodes":["MARINE_STEWARDSHIP_COUNCIL_LABEL"],"hierarchyPath":[{"id":"Herkku_00000352","name":"Kala- ja äyriäissäilykkeet","slug":"kuivatuotteet-ja-leivonta-1/sailykkeet/kala-ja-ayriaissailykkeet","__typename":"HierarchyPathItem"},{"id":"Herkku_00000063","name":"Säilykkeet","slug":"kuivatuotteet-ja-leivonta-1/sailykkeet","__typename":"HierarchyPathItem"},{"id":"Herkku_00000007","name":"Kuivatuotteet ja leivonta","slug":"kuivatuotteet-ja-leivonta-1","__typename":"HierarchyPathItem"}],"isGlobalFallback":null,"countryName":{"fi":"Filippiinit","__typename":"CountryName"}},{"id":"6417807037506","ean":"6417807037506","name":"Felix Special minikurkku kokonaisia kurkkuja mausteliemessä 340/190g","price":3.59,"storeId":725782447,"__typename":"Product","approxPrice":false,"basicQuantityUnit":"KPL","comparisonPrice":18.89,"comparisonUnit":"KGM","consumerPackageSize":null,"consumerPackageUnit":null,"priceUnit":"KPL","quantityMultiplier":1,"brandName":"Felix","slug":"felix-special-minikurkku-kokonaisia-kurkkuja-mausteliemessa-340190g","isAgeLimitedByAlcohol":false,"frozen":false,"packagingLabels":[],"packagingLabelCodes":[],"hierarchyPath":[{"id":"Herkku_00000357","name":"Kasvissäilykkeet","slug":"kuivatuotteet-ja-leivonta-1/sailykkeet/kasvissailykkeet","__typename":"HierarchyPathItem"},{"id":"Herkku_00000063","name":"Säilykkeet","slug":"kuivatuotteet-ja-leivonta-1/sailykkeet","__typename":"HierarchyPathItem"},{"id":"Herkku_00000007","name":"Kuivatuotteet ja leivonta","slug":"kuivatuotteet-ja-leivonta-1","__typename":"HierarchyPathItem"}],"isGlobalFallback":null,"countryName":{"fi":"Turkki","__typename":"CountryName"}},{"id":"6417808235918","ean":"6417808235918","name":"Felix aiolimajoneesi 270g","price":3.29,"storeId":725782447,"__typename":"Product","approxPrice":false,"basicQuantityUnit":"KPL","comparisonPrice":12.19,"comparisonUnit":"KGM","consumerPackageSize":null,"consumerPackageUnit":null,"priceUnit":"KPL","quantityMultiplier":1,"brandName":"Felix","slug":"felix-aiolimajoneesi-270g","isAgeLimitedByAlcohol":false,"frozen":false,"packagingLabels":["Sydänmerkki"],"packagingLabelCodes":["FINNISH_HEART_SYMBOL"],"hierarchyPath":[{"id":"Herkku_00000079","name":"Majoneesit ja majoneesikastikkeet","slug":"oljyt-mausteet-maustaminen-1/majoneesit-ja-majoneesikastikkeet","__typename":"HierarchyPathItem"},{"id":"Herkku_00000011","name":"Öljyt, mausteet, maustaminen","slug":"oljyt-mausteet-maustaminen-1","__typename":"HierarchyPathItem"}],"isGlobalFallback":null,"countryName":{"fi":"Latvia","__typename":"CountryName"}},{"id":"6417808236151","ean":"6417808236151","name":"Felix chili-aiolimajoneesi 270g","price":3.29,"storeId":725782447,"__typename":"Product","approxPrice":false,"basicQuantityUnit":"KPL","comparisonPrice":12.19,"comparisonUnit":"KGM","consumerPackageSize":null,"consumerPackageUnit":null,"priceUnit":"KPL","quantityMultiplier":1,"brandName":"Felix","slug":"felix-chili-aiolimajoneesi-270g","isAgeLimitedByAlcohol":false,"frozen":false,"packagingLabels":["Sydänmerkki"],"packagingLabelCodes":["FINNISH_HEART_SYMBOL"],"hierarchyPath":[{"id":"Herkku_00000079","name":"Majoneesit ja majoneesikastikkeet","slug":"oljyt-mausteet-maustaminen-1/majoneesit-ja-majoneesikastikkeet","__typename":"HierarchyPathItem"},{"id":"Herkku_00000011","name":"Öljyt, mausteet, maustaminen","slug":"oljyt-mausteet-maustaminen-1","__typename":"HierarchyPathItem"}],"isGlobalFallback":null,"countryName":{"fi":"Latvia","__typename":"CountryName"}},{"id":"6417808290603","ean":"6417808290603","name":"Felix perinteinen salaattikastike 375g","price":3.15,"storeId":725782447,"__typename":"Product","approxPrice":false,"basicQuantityUnit":"KPL","comparisonPrice":8.4,"comparisonUnit":"KGM","consumerPackageSize":null,"consumerPackageUnit":null,"priceUnit":"KPL","quantityMultiplier":1,"brandName":"Felix","slug":"felix-perinteinen-salaattikastike-375g","isAgeLimitedByAlcohol":false,"frozen":false,"packagingLabels":["Sydänmerkki"],"packagingLabelCodes":["FINNISH_HEART_SYMBOL"],"hierarchyPath":[{"id":"Herkku_00000076","name":"Salaatinkastikkeet","slug":"oljyt-mausteet-maustaminen-1/salaatinkastikkeet","__typename":"HierarchyPathItem"},{"id":"Herkku_00000011","name":"Öljyt, mausteet, maustaminen","slug":"oljyt-mausteet-maustaminen-1","__typename":"HierarchyPathItem"}],"isGlobalFallback":null,"countryName":{"fi":"Latvia","__typename":"CountryName"}},{"id":"6417808290610","ean":"6417808290610","name":"Felix caesar salaattikastike 375g","price":3.15,"storeId":725782447,"__typename":"Product","approxPrice":false,"basicQuantityUnit":"KPL","comparisonPrice":8.4,"comparisonUnit":"KGM","consumerPackageSize":null,"consumerPackageUnit":null,"priceUnit":"KPL","quantityMultiplier":1,"brandName":"Felix","slug":"felix-caesar-salaattikastike-375g","isAgeLimitedByAlcohol":false,"frozen":false,"packagingLabels":[],"packagingLabelCodes":[],"hierarchyPath":[{"id":"Herkku_00000076","name":"Salaatinkastikkeet","slug":"oljyt-mausteet-maustaminen-1/salaatinkastikkeet","__typename":"HierarchyPathItem"},{"id":"Herkku_00000011","name":"Öljyt, mausteet, maustaminen","slug":"oljyt-mausteet-maustaminen-1","__typename":"HierarchyPathItem"}],"isGlobalFallback":null,"countryName":{"fi":"Latvia","__typename":"CountryName"}},{"id":"6417808290627","ean":"6417808290627","name":"Felix valkosipuli salaattikastike 365g","price":3.15,"storeId":725782447,"__typename":"Product","approxPrice":false,"basicQuantityUnit":"KPL","comparisonPrice":8.4,"comparisonUnit":"KGM","consumerPackageSize":null,"consumerPackageUnit":null,"priceUnit":"KPL","quantityMultiplier":1,"brandName":"Felix","slug":"felix-valkosipuli-salaattikastike-365g","isAgeLimitedByAlcohol":false,"frozen":false,"packagingLabels":["Sydänmerkki"],"packagingLabelCodes":["FINNISH_HEART_SYMBOL"],"hierarchyPath":[{"id":"Herkku_00000076","name":"Salaatinkastikkeet","slug":"oljyt-mausteet-maustaminen-1/salaatinkastikkeet","__typename":"HierarchyPathItem"},{"id":"Herkku_00000011","name":"Öljyt, mausteet, maustaminen","slug":"oljyt-mausteet-maustaminen-1","__typename":"HierarchyPathItem"}],"isGlobalFallback":null,"countryName":{"fi":"Latvia","__typename":"CountryName"}},{"id":"6417808290634","ean":"6417808290634","name":"Felix tomaatti-chili salaattikastike 375g","price":3.15,"storeId":725782447,"__typename":"Product","approxPrice":false,"basicQuantityUnit":"KPL","comparisonPrice":8.4,"comparisonUnit":"KGM","consumerPackageSize":null,"consumerPackageUnit":null,"priceUnit":"KPL","quantityMultiplier":1,"brandName":"Felix","slug":"felix-tomaatti-chili-salaattikastike-375g","isAgeLimitedByAlcohol":false,"frozen":false,"packagingLabels":["Sydänmerkki"],"packagingLabelCodes":["FINNISH_HEART_SYMBOL"],"hierarchyPath":[{"id":"Herkku_00000076","name":"Salaatinkastikkeet","slug":"oljyt-mausteet-maustaminen-1/salaatinkastikkeet","__typename":"HierarchyPathItem"},{"id":"Herkku_00000011","name":"Öljyt, mausteet, maustaminen","slug":"oljyt-mausteet-maustaminen-1","__typename":"HierarchyPathItem"}],"isGlobalFallback":null,"countryName":{"fi":"Latvia","__typename":"CountryName"}},{"id":"6417808290641","ean":"6417808290641","name":"Felix kreikkalainen salaattikastike 375g","price":3.15,"storeId":725782447,"__typename":"Product","approxPrice":false,"basicQuantityUnit":"KPL","comparisonPrice":8.4,"comparisonUnit":"KGM","consumerPackageSize":null,"consumerPackageUnit":null,"priceUnit":"KPL","quantityMultiplier":1,"brandName":"Felix","slug":"felix-kreikkalainen-salaattikastike-375g","isAgeLimitedByAlcohol":false,"frozen":false,"packagingLabels":[],"packagingLabelCodes":[],"hierarchyPath":[{"id":"Herkku_00000076","name":"Salaatinkastikkeet","slug":"oljyt-mausteet-maustaminen-1/salaatinkastikkeet","__typename":"HierarchyPathItem"},{"id":"Herkku_00000011","name":"Öljyt, mausteet, maustaminen","slug":"oljyt-mausteet-maustaminen-1","__typename":"HierarchyPathItem"}],"isGlobalFallback":null,"countryName":{"fi":"Latvia","__typename":"CountryName"}},{"id":"6417808290696","ean":"6417808290696","name":"Felix kevyt thousand island salaattikastike 375g","price":3.15,"storeId":725782447,"__typename":"Product","approxPrice":false,"basicQuantityUnit":"KPL","comparisonPrice":8.4,"comparisonUnit":"KGM","consumerPackageSize":null,"consumerPackageUnit":null,"priceUnit":"KPL","quantityMultiplier":1,"brandName":"Felix","slug":"felix-kevyt-thousand-island-salaattikastike-375g","isAgeLimitedByAlcohol":false,"frozen":false,"packagingLabels":[],"packagingLabelCodes":[],"hierarchyPath":[{"id":"Herkku_00000076","name":"Salaatinkastikkeet","slug":"oljyt-mausteet-maustaminen-1/salaatinkastikkeet","__typename":"HierarchyPathItem"},{"id":"Herkku_00000011","name":"Öljyt, mausteet, maustaminen","slug":"oljyt-mausteet-maustaminen-1","__typename":"HierarchyPathItem"}],"isGlobalFallback":null,"countryName":{"fi":"Latvia","__typename":"CountryName"}},{"id":"6417808451103","ean":"6417808451103","name":"Felix voileipäkurkku pitkittäin viipaloituja kurkkuja mausteliemessä 460/230g","price":2.99,"storeId":725782447,"__typename":"Product","approxPrice":false,"basicQuantityUnit":"KPL","comparisonPrice":13,"comparisonUnit":"KGM","consumerPackageSize":null,"consumerPackageUnit":null,"priceUnit":"KPL","quantityMultiplier":1,"brandName":"Felix","slug":"felix-voileipakurkku-pitkittain-viipaloituja-kurkkuja-mausteliemessa-460230g","isAgeLimitedByAlcohol":false,"frozen":false,"packagingLabels":[],"packagingLabelCodes":[],"hierarchyPath":[{"id":"Herkku_00000357","name":"Kasvissäilykkeet","slug":"kuivatuotteet-ja-leivonta-1/sailykkeet/kasvissailykkeet","__typename":"HierarchyPathItem"},{"id":"Herkku_00000063","name":"Säilykkeet","slug":"kuivatuotteet-ja-leivonta-1/sailykkeet","__typename":"HierarchyPathItem"},{"id":"Herkku_00000007","name":"Kuivatuotteet ja leivonta","slug":"kuivatuotteet-ja-leivonta-1","__typename":"HierarchyPathItem"}],"isGlobalFallback":null,"countryName":{"fi":"Viro","__typename":"CountryName"}},{"id":"6417821520237","ean":"6417821520237","name":"Stokvis Tapes Basic maalarinteippi 25mm x 50m","price":2.5,"storeId":725782447,"__typename":"Product","approxPrice":false,"basicQuantityUnit":"KPL","comparisonPrice":0.05,"comparisonUnit":"MTR","consumerPackageSize":null,"consumerPackageUnit":null,"priceUnit":"KPL","quantityMultiplier":1,"brandName":"Stokvis Tapes","slug":"stokvis-tapes-basic-maalarinteippi-25mm-x-50m","isAgeLimitedByAlcohol":false,"frozen":false,"packagingLabels":[],"packagingLabelCodes":[],"hierarchyPath":[{"id":"1591691245951615","name":"Teipit","slug":"koti-ja-vapaa-aika/remontointi-ja-turvatuotteet/teipit","__typename":"HierarchyPathItem"},{"id":"1591691239140990","name":"Remontointi ja turvatuotteet","slug":"koti-ja-vapaa-aika/remontointi-ja-turvatuotteet","__typename":"HierarchyPathItem"},{"id":"Herkku_00000002","name":"Koti ja vapaa-aika","slug":"koti-ja-vapaa-aika","__typename":"HierarchyPathItem"}],"isGlobalFallback":null,"countryName":{"fi":"Puola","__typename":"CountryName"}},{"id":"6417894000025","ean":"6417894000025","name":"Virgino 0,5l kylmäpuristettu rypsiöljy","price":4.09,"storeId":725782447,"__typename":"Product","approxPrice":false,"basicQuantityUnit":"KPL","comparisonPrice":8.18,"comparisonUnit":"LTR","consumerPackageSize":null,"consumerPackageUnit":null,"priceUnit":"KPL","quantityMultiplier":1,"brandName":"Virgino","slug":"virgino-0-5l-kylmapuristettu-rypsioljy","isAgeLimitedByAlcohol":false,"frozen":false,"packagingLabels":["Hyvää Suomesta (Sininen Joutsen)"," Sydänmerkki"],"packagingLabelCodes":["FINNISH_HEART_SYMBOL"," GOODS_FROM_FINLAND_BLUE_SWAN"],"hierarchyPath":[{"id":"Herkku_00000441","name":"Rypsiöljyt","slug":"oljyt-mausteet-maustaminen-1/oljyt/rypsioljyt","__typename":"HierarchyPathItem"},{"id":"Herkku_00000081","name":"Öljyt","slug":"oljyt-mausteet-maustaminen-1/oljyt","__typename":"HierarchyPathItem"},{"id":"Herkku_00000011","name":"Öljyt, mausteet, maustaminen","slug":"oljyt-mausteet-maustaminen-1","__typename":"HierarchyPathItem"}],"isGlobalFallback":null,"countryName":{"fi":"Suomi","__typename":"CountryName"}},{"id":"6417900007000","ean":"6417900007000","name":"Maggi Extra Lihaliemi liemikuutio 16kpl/168g","price":2.25,"storeId":725782447,"__typename":"Product","approxPrice":false,"basicQuantityUnit":"KPL","comparisonPrice":13.39,"comparisonUnit":"KGM","consumerPackageSize":null,"consumerPackageUnit":null,"priceUnit":"KPL","quantityMultiplier":1,"brandName":"Maggi","slug":"maggi-extra-lihaliemi-liemikuutio-16kpl168g","isAgeLimitedByAlcohol":false,"frozen":false,"packagingLabels":[],"packagingLabelCodes":[],"hierarchyPath":[{"id":"Herkku_00000411","name":"Lihaliemet","slug":"oljyt-mausteet-maustaminen-1/liemivalmisteet-ja-fondit/lihaliemet","__typename":"HierarchyPathItem"},{"id":"Herkku_00000074","name":"Liemivalmisteet ja fondit","slug":"oljyt-mausteet-maustaminen-1/liemivalmisteet-ja-fondit","__typename":"HierarchyPathItem"},{"id":"Herkku_00000011","name":"Öljyt, mausteet, maustaminen","slug":"oljyt-mausteet-maustaminen-1","__typename":"HierarchyPathItem"}],"isGlobalFallback":null,"countryName":{"fi":"Slovakia","__typename":"CountryName"}},{"id":"6417900844209","ean":"6417900844209","name":"Piltti 125g Mangoa hedelmäsose 4kk","price":0.55,"storeId":725782447,"__typename":"Product","approxPrice":false,"basicQuantityUnit":"KPL","comparisonPrice":4.4,"comparisonUnit":"KGM","consumerPackageSize":null,"consumerPackageUnit":null,"priceUnit":"KPL","quantityMultiplier":1,"brandName":"Piltti","slug":"piltti-125g-mangoa-hedelmasose-4kk","isAgeLimitedByAlcohol":false,"frozen":false,"packagingLabels":["Avainlippu"],"packagingLabelCodes":["MADE_IN_FINLAND_FLAG_WITH_KEY"],"hierarchyPath":[{"id":"1591691240683146","name":"Soseet 4 kk ikäiset","slug":"lapset-1/lasten-valipalasoseet-ja-muut-valipalat/soseet-4-kk-ikaiset","__typename":"HierarchyPathItem"},{"id":"1591691240683140","name":"Lasten välipalasoseet ja muut välipalat","slug":"lapset-1/lasten-valipalasoseet-ja-muut-valipalat","__typename":"HierarchyPathItem"},{"id":"Herkku_00000010","name":"Lapset","slug":"lapset-1","__typename":"HierarchyPathItem"}],"isGlobalFallback":null,"countryName":{"fi":"Suomi","__typename":"CountryName"}},{"id":"6417900844506","ean":"6417900844506","name":"Piltti 125g Päärynää hedelmäsose 4kk","price":0.55,"storeId":725782447,"__typename":"Product","approxPrice":false,"basicQuantityUnit":"KPL","comparisonPrice":4.4,"comparisonUnit":"KGM","consumerPackageSize":null,"consumerPackageUnit":null,"priceUnit":"KPL","quantityMultiplier":1,"brandName":"Piltti","slug":"piltti-125g-paarynaa-hedelmasose-4kk","isAgeLimitedByAlcohol":false,"frozen":false,"packagingLabels":["Avainlippu"],"packagingLabelCodes":["MADE_IN_FINLAND_FLAG_WITH_KEY"],"hierarchyPath":[{"id":"1591691240683146","name":"Soseet 4 kk ikäiset","slug":"lapset-1/lasten-valipalasoseet-ja-muut-valipalat/soseet-4-kk-ikaiset","__typename":"HierarchyPathItem"},{"id":"1591691240683140","name":"Lasten välipalasoseet ja muut välipalat","slug":"lapset-1/lasten-valipalasoseet-ja-muut-valipalat","__typename":"HierarchyPathItem"},{"id":"Herkku_00000010","name":"Lapset","slug":"lapset-1","__typename":"HierarchyPathItem"}],"isGlobalFallback":null,"countryName":{"fi":"Suomi","__typename":"CountryName"}},{"id":"6417900844803","ean":"6417900844803","name":"Piltti 125g Persikkaa ja banaania hedelmäsose 4kk","price":0.55,"storeId":725782447,"__typename":"Product","approxPrice":false,"basicQuantityUnit":"KPL","comparisonPrice":4.4,"comparisonUnit":"KGM","consumerPackageSize":null,"consumerPackageUnit":null,"priceUnit":"KPL","quantityMultiplier":1,"brandName":"Piltti","slug":"piltti-125g-persikkaa-ja-banaania-hedelmasose-4kk","isAgeLimitedByAlcohol":false,"frozen":false,"packagingLabels":["Avainlippu"],"packagingLabelCodes":["MADE_IN_FINLAND_FLAG_WITH_KEY"],"hierarchyPath":[{"id":"1591691240683146","name":"Soseet 4 kk ikäiset","slug":"lapset-1/lasten-valipalasoseet-ja-muut-valipalat/soseet-4-kk-ikaiset","__typename":"HierarchyPathItem"},{"id":"1591691240683140","name":"Lasten välipalasoseet ja muut välipalat","slug":"lapset-1/lasten-valipalasoseet-ja-muut-valipalat","__typename":"HierarchyPathItem"},{"id":"Herkku_00000010","name":"Lapset","slug":"lapset-1","__typename":"HierarchyPathItem"}],"isGlobalFallback":null,"countryName":{"fi":"Suomi","__typename":"CountryName"}},{"id":"6417900845800","ean":"6417900845800","name":"Piltti 125g Kasvis-broilerisose lastenateria 5kk","price":0.98,"storeId":725782447,"__typename":"Product","approxPrice":false,"basicQuantityUnit":"KPL","comparisonPrice":7.84,"comparisonUnit":"KGM","consumerPackageSize":null,"consumerPackageUnit":null,"priceUnit":"KPL","quantityMultiplier":1,"brandName":"Piltti","slug":"piltti-125g-kasvis-broilerisose-lastenateria-5kk","isAgeLimitedByAlcohol":false,"frozen":false,"packagingLabels":["Avainlippu"],"packagingLabelCodes":["MADE_IN_FINLAND_FLAG_WITH_KEY"],"hierarchyPath":[{"id":"Herkku_00000389","name":"5-6 kk ikäiset","slug":"lapset-1/lasten-ruoat/5-6-kk-ikaiset","__typename":"HierarchyPathItem"},{"id":"Herkku_00000069","name":"Lasten ruoat","slug":"lapset-1/lasten-ruoat","__typename":"HierarchyPathItem"},{"id":"Herkku_00000010","name":"Lapset","slug":"lapset-1","__typename":"HierarchyPathItem"}],"isGlobalFallback":null,"countryName":{"fi":"Suomi","__typename":"CountryName"}},{"id":"6417900845909","ean":"6417900845909","name":"Piltti 125g Kasvis-kinkkuherkku lastenateria 5kk","price":0.98,"storeId":725782447,"__typename":"Product","approxPrice":false,"basicQuantityUnit":"KPL","comparisonPrice":7.84,"comparisonUnit":"KGM","consumerPackageSize":null,"consumerPackageUnit":null,"priceUnit":"KPL","quantityMultiplier":1,"brandName":"Piltti","slug":"piltti-125g-kasvis-kinkkuherkku-lastenateria-5kk","isAgeLimitedByAlcohol":false,"frozen":false,"packagingLabels":["Avainlippu"],"packagingLabelCodes":["MADE_IN_FINLAND_FLAG_WITH_KEY"],"hierarchyPath":[{"id":"Herkku_00000389","name":"5-6 kk ikäiset","slug":"lapset-1/lasten-ruoat/5-6-kk-ikaiset","__typename":"HierarchyPathItem"},{"id":"Herkku_00000069","name":"Lasten ruoat","slug":"lapset-1/lasten-ruoat","__typename":"HierarchyPathItem"},{"id":"Herkku_00000010","name":"Lapset","slug":"lapset-1","__typename":"HierarchyPathItem"}],"isGlobalFallback":null,"countryName":{"fi":"Suomi","__typename":"CountryName"}},{"id":"6417900846500","ean":"6417900846500","name":"Piltti 125g Kasvis-naudanlihasose lastenateria 5kk","price":0.98,"storeId":725782447,"__typename":"Product","approxPrice":false,"basicQuantityUnit":"KPL","comparisonPrice":7.84,"comparisonUnit":"KGM","consumerPackageSize":null,"consumerPackageUnit":null,"priceUnit":"KPL","quantityMultiplier":1,"brandName":"Piltti","slug":"piltti-125g-kasvis-naudanlihasose-lastenateria-5kk","isAgeLimitedByAlcohol":false,"frozen":false,"packagingLabels":["Avainlippu"],"packagingLabelCodes":["MADE_IN_FINLAND_FLAG_WITH_KEY"],"hierarchyPath":[{"id":"Herkku_00000389","name":"5-6 kk ikäiset","slug":"lapset-1/lasten-ruoat/5-6-kk-ikaiset","__typename":"HierarchyPathItem"},{"id":"Herkku_00000069","name":"Lasten ruoat","slug":"lapset-1/lasten-ruoat","__typename":"HierarchyPathItem"},{"id":"Herkku_00000010","name":"Lapset","slug":"lapset-1","__typename":"HierarchyPathItem"}],"isGlobalFallback":null,"countryName":{"fi":"Suomi","__typename":"CountryName"}},{"id":"6417900847309","ean":"6417900847309","name":"Piltti 190g Kasviksia ja broileria lastenateria 8kk","price":1.35,"storeId":725782447,"__typename":"Product","approxPrice":false,"basicQuantityUnit":"KPL","comparisonPrice":7.11,"comparisonUnit":"KGM","consumerPackageSize":null,"consumerPackageUnit":null,"priceUnit":"KPL","quantityMultiplier":1,"brandName":"Piltti","slug":"piltti-190g-kasviksia-ja-broileria-lastenateria-8kk","isAgeLimitedByAlcohol":false,"frozen":false,"packagingLabels":["Avainlippu"],"packagingLabelCodes":["MADE_IN_FINLAND_FLAG_WITH_KEY"],"hierarchyPath":[{"id":"Herkku_00000391","name":"8 kk ikäiset","slug":"lapset-1/lasten-ruoat/8-kk-ikaiset","__typename":"HierarchyPathItem"},{"id":"Herkku_00000069","name":"Lasten ruoat","slug":"lapset-1/lasten-ruoat","__typename":"HierarchyPathItem"},{"id":"Herkku_00000010","name":"Lapset","slug":"lapset-1","__typename":"HierarchyPathItem"}],"isGlobalFallback":null,"countryName":{"fi":"Suomi","__typename":"CountryName"}},{"id":"6417900848108","ean":"6417900848108","name":"Piltti 190g Lasagnette lastenateria 1-3v","price":1.49,"storeId":725782447,"__typename":"Product","approxPrice":false,"basicQuantityUnit":"KPL","comparisonPrice":7.84,"comparisonUnit":"KGM","consumerPackageSize":null,"consumerPackageUnit":null,"priceUnit":"KPL","quantityMultiplier":1,"brandName":"Piltti","slug":"piltti-190g-lasagnette-lastenateria-1-3v","isAgeLimitedByAlcohol":false,"frozen":false,"packagingLabels":["Avainlippu"],"packagingLabelCodes":["MADE_IN_FINLAND_FLAG_WITH_KEY"],"hierarchyPath":[{"id":"Herkku_00000388","name":"12+ kk ikäiset","slug":"lapset-1/lasten-ruoat/12+-kk-ikaiset","__typename":"HierarchyPathItem"},{"id":"Herkku_00000069","name":"Lasten ruoat","slug":"lapset-1/lasten-ruoat","__typename":"HierarchyPathItem"},{"id":"Herkku_00000010","name":"Lapset","slug":"lapset-1","__typename":"HierarchyPathItem"}],"isGlobalFallback":null,"countryName":{"fi":"Suomi","__typename":"CountryName"}},{"id":"6417900848306","ean":"6417900848306","name":"Piltti 190g Kasvis-jauheliharisotto lastenateria 1-3v","price":1.49,"storeId":725782447,"__typename":"Product","approxPrice":false,"basicQuantityUnit":"KPL","comparisonPrice":7.84,"comparisonUnit":"KGM","consumerPackageSize":null,"consumerPackageUnit":null,"priceUnit":"KPL","quantityMultiplier":1,"brandName":"Piltti","slug":"piltti-190g-kasvis-jauheliharisotto-lastenateria-1-3v","isAgeLimitedByAlcohol":false,"frozen":false,"packagingLabels":["Avainlippu"],"packagingLabelCodes":["MADE_IN_FINLAND_FLAG_WITH_KEY"],"hierarchyPath":[{"id":"Herkku_00000388","name":"12+ kk ikäiset","slug":"lapset-1/lasten-ruoat/12+-kk-ikaiset","__typename":"HierarchyPathItem"},{"id":"Herkku_00000069","name":"Lasten ruoat","slug":"lapset-1/lasten-ruoat","__typename":"HierarchyPathItem"},{"id":"Herkku_00000010","name":"Lapset","slug":"lapset-1","__typename":"HierarchyPathItem"}],"isGlobalFallback":null,"countryName":{"fi":"Suomi","__typename":"CountryName"}},{"id":"6417901002219","ean":"6417901002219","name":"Nescafé Kulta 100g pikakahvi","price":5.49,"storeId":725782447,"__typename":"Product","approxPrice":false,"basicQuantityUnit":"KPL","comparisonPrice":54.9,"comparisonUnit":"KGM","consumerPackageSize":null,"consumerPackageUnit":null,"priceUnit":"KPL","quantityMultiplier":1,"brandName":"Nescafé Kulta","slug":"nescafe-kulta-100g-pikakahvi","isAgeLimitedByAlcohol":false,"frozen":false,"packagingLabels":[],"packagingLabelCodes":[],"hierarchyPath":[{"id":"1591691250893282","name":"Pikakahvit","slug":"juomat-1/kahvit-ja-suodatinpaperit/pikakahvit","__typename":"HierarchyPathItem"},{"id":"Herkku_00000089","name":"Kahvit ja suodatinpaperit","slug":"juomat-1/kahvit-ja-suodatinpaperit","__typename":"HierarchyPathItem"},{"id":"Herkku_00000005","name":"Juomat","slug":"juomat-1","__typename":"HierarchyPathItem"}],"isGlobalFallback":null,"countryName":{"fi":"Sveitsi","__typename":"CountryName"}},{"id":"6417902000245","ean":"6417902000245","name":"Piltti 190g Omena-mango-kauraherkku jälkiruoka 8kk","price":1.29,"storeId":725782447,"__typename":"Product","approxPrice":false,"basicQuantityUnit":"KPL","comparisonPrice":6.79,"comparisonUnit":"KGM","consumerPackageSize":null,"consumerPackageUnit":null,"priceUnit":"KPL","quantityMultiplier":1,"brandName":"Piltti","slug":"piltti-190g-omena-mango-kauraherkku-jalkiruoka-8kk","isAgeLimitedByAlcohol":false,"frozen":false,"packagingLabels":["Avainlippu"],"packagingLabelCodes":["MADE_IN_FINLAND_FLAG_WITH_KEY"],"hierarchyPath":[{"id":"1591691240683153","name":"Soseet 8 kk ikäiset","slug":"lapset-1/lasten-valipalasoseet-ja-muut-valipalat/soseet-8-kk-ikaiset","__typename":"HierarchyPathItem"},{"id":"1591691240683140","name":"Lasten välipalasoseet ja muut välipalat","slug":"lapset-1/lasten-valipalasoseet-ja-muut-valipalat","__typename":"HierarchyPathItem"},{"id":"Herkku_00000010","name":"Lapset","slug":"lapset-1","__typename":"HierarchyPathItem"}],"isGlobalFallback":null,"countryName":{"fi":"Suomi","__typename":"CountryName"}},{"id":"6417964578287","ean":"6417964578287","name":"Erisan Hajusteeton Kosteuttava Perusvoide 150 ml","price":4.89,"storeId":725782447,"__typename":"Product","approxPrice":false,"basicQuantityUnit":"KPL","comparisonPrice":32.6,"comparisonUnit":"LTR","consumerPackageSize":null,"consumerPackageUnit":null,"priceUnit":"KPL","quantityMultiplier":1,"brandName":"Erisan","slug":"erisan-hajusteeton-kosteuttava-perusvoide-150-ml","isAgeLimitedByAlcohol":false,"frozen":false,"packagingLabels":["Allergia- ja astmaliiton merkki"],"packagingLabelCodes":["LABEL_OF_THE_ALLERGY_AND_ASTHMA_FEDERATION"],"hierarchyPath":[{"id":"1591691233375134","name":"Vartalonhoito","slug":"kosmetiikka-ja-hygienia/ihonhoito/vartalonhoito","__typename":"HierarchyPathItem"},{"id":"1591691233375123","name":"Ihonhoito","slug":"kosmetiikka-ja-hygienia/ihonhoito","__typename":"HierarchyPathItem"},{"id":"1591691233334707","name":"Kosmetiikka ja hygienia","slug":"kosmetiikka-ja-hygienia","__typename":"HierarchyPathItem"}],"isGlobalFallback":null,"countryName":{"fi":"Tanska","__typename":"CountryName"}},{"id":"6417964578379","ean":"6417964578379","name":"Serto Kirjo Pyykinpesuneste 750 ml","price":5.55,"storeId":725782447,"__typename":"Product","approxPrice":false,"basicQuantityUnit":"KPL","comparisonPrice":7.4,"comparisonUnit":"LTR","consumerPackageSize":null,"consumerPackageUnit":null,"priceUnit":"KPL","quantityMultiplier":1,"brandName":"Serto","slug":"serto-kirjo-pyykinpesuneste-750-ml","isAgeLimitedByAlcohol":false,"frozen":false,"packagingLabels":["Avainlippu"," Kierrätysmerkki"],"packagingLabelCodes":["MADE_IN_FINLAND_FLAG_WITH_KEY"," RECYCLABLE_GENERAL_CLAIM"],"hierarchyPath":[{"id":"1591691234596332","name":"Pyykinpesuaineet","slug":"kodinhoito-ja-taloustarvikkeet/pyykinpesu/pyykinpesuaineet","__typename":"HierarchyPathItem"},{"id":"1591691234596326","name":"Pyykinpesu","slug":"kodinhoito-ja-taloustarvikkeet/pyykinpesu","__typename":"HierarchyPathItem"},{"id":"1591691234596256","name":"Kodinhoito ja taloustarvikkeet","slug":"kodinhoito-ja-taloustarvikkeet","__typename":"HierarchyPathItem"}],"isGlobalFallback":null,"countryName":{"fi":"Suomi","__typename":"CountryName"}},{"id":"6417964579161","ean":"6417964579161","name":"Erisan Hajusteeton Biohajoava Pyykinpesuneste 850ml","price":5.49,"storeId":725782447,"__typename":"Product","approxPrice":false,"basicQuantityUnit":"KPL","comparisonPrice":6.46,"comparisonUnit":"LTR","consumerPackageSize":null,"consumerPackageUnit":null,"priceUnit":"KPL","quantityMultiplier":1,"brandName":"Erisan","slug":"erisan-hajusteeton-biohajoava-pyykinpesuneste-850ml","isAgeLimitedByAlcohol":false,"frozen":false,"packagingLabels":["Allergia- ja astmaliiton merkki"," Avainlippu"],"packagingLabelCodes":["LABEL_OF_THE_ALLERGY_AND_ASTHMA_FEDERATION"," MADE_IN_FINLAND_FLAG_WITH_KEY"],"hierarchyPath":[{"id":"1591691234596332","name":"Pyykinpesuaineet","slug":"kodinhoito-ja-taloustarvikkeet/pyykinpesu/pyykinpesuaineet","__typename":"HierarchyPathItem"},{"id":"1591691234596326","name":"Pyykinpesu","slug":"kodinhoito-ja-taloustarvikkeet/pyykinpesu","__typename":"HierarchyPathItem"},{"id":"1591691234596256","name":"Kodinhoito ja taloustarvikkeet","slug":"kodinhoito-ja-taloustarvikkeet","__typename":"HierarchyPathItem"}],"isGlobalFallback":null,"countryName":{"fi":"Suomi","__typename":"CountryName"}},{"id":"6417964787603","ean":"6417964787603","name":"Kiilto Kodinpuhdistaja spray lime 500 ml","price":3.29,"storeId":725782447,"__typename":"Product","approxPrice":false,"basicQuantityUnit":"KPL","comparisonPrice":6.58,"comparisonUnit":"LTR","consumerPackageSize":null,"consumerPackageUnit":null,"priceUnit":"KPL","quantityMultiplier":1,"brandName":"Kiilto","slug":"kiilto-kodinpuhdistaja-spray-lime-500-ml","isAgeLimitedByAlcohol":false,"frozen":false,"packagingLabels":["Avainlippu"," Kierrätysmerkki"],"packagingLabelCodes":["MADE_IN_FINLAND_FLAG_WITH_KEY"," RECYCLABLE_GENERAL_CLAIM"],"hierarchyPath":[{"id":"1591691234596338","name":"Yleispuhdistusaineet","slug":"kodinhoito-ja-taloustarvikkeet/siivous-ja-puhdistusaineet/yleispuhdistusaineet","__typename":"HierarchyPathItem"},{"id":"1591691234596327","name":"Siivous ja puhdistusaineet","slug":"kodinhoito-ja-taloustarvikkeet/siivous-ja-puhdistusaineet","__typename":"HierarchyPathItem"},{"id":"1591691234596256","name":"Kodinhoito ja taloustarvikkeet","slug":"kodinhoito-ja-taloustarvikkeet","__typename":"HierarchyPathItem"}],"isGlobalFallback":null,"countryName":{"fi":"Suomi","__typename":"CountryName"}},{"id":"6417977564017","ean":"6417977564017","name":"Suomalainen herne 500g","price":1.19,"storeId":725782447,"__typename":"Product","approxPrice":false,"basicQuantityUnit":"KPL","comparisonPrice":2.38,"comparisonUnit":"KGM","consumerPackageSize":null,"consumerPackageUnit":null,"priceUnit":"KPL","quantityMultiplier":1,"brandName":"Hankkija-Maatalous","slug":"suomalainen-herne-500g","isAgeLimitedByAlcohol":false,"frozen":false,"packagingLabels":[],"packagingLabelCodes":[],"hierarchyPath":[{"id":"Herkku_00000357","name":"Kasvissäilykkeet","slug":"kuivatuotteet-ja-leivonta-1/sailykkeet/kasvissailykkeet","__typename":"HierarchyPathItem"},{"id":"Herkku_00000063","name":"Säilykkeet","slug":"kuivatuotteet-ja-leivonta-1/sailykkeet","__typename":"HierarchyPathItem"},{"id":"Herkku_00000007","name":"Kuivatuotteet ja leivonta","slug":"kuivatuotteet-ja-leivonta-1","__typename":"HierarchyPathItem"}],"isGlobalFallback":null,"countryName":null},{"id":"6418400072444","ean":"6418400072444","name":"Fredman Grillaus- ja savustusalusta 3kpl","price":3.39,"storeId":725782447,"__typename":"Product","approxPrice":false,"basicQuantityUnit":"KPL","comparisonPrice":1.13,"comparisonUnit":"PCE","consumerPackageSize":null,"consumerPackageUnit":null,"priceUnit":"KPL","quantityMultiplier":1,"brandName":"Fredman","slug":"fredman-grillaus-ja-savustusalusta-3kpl","isAgeLimitedByAlcohol":false,"frozen":false,"packagingLabels":[],"packagingLabelCodes":[],"hierarchyPath":[{"id":"1591691234054960","name":"Foliot ja alumiinivuoat","slug":"keittio-ja-kattaus/leivonta-ja-ruoanlaittotarvikkeet/foliot-ja-alumiinivuoat","__typename":"HierarchyPathItem"},{"id":"1591691234054955","name":"Leivonta- ja ruoanlaittotarvikkeet","slug":"keittio-ja-kattaus/leivonta-ja-ruoanlaittotarvikkeet","__typename":"HierarchyPathItem"},{"id":"1591691234054950","name":"Keittiö ja kattaus","slug":"keittio-ja-kattaus","__typename":"HierarchyPathItem"}],"isGlobalFallback":null,"countryName":{"fi":"Suomi","__typename":"CountryName"}},{"id":"6418400072598","ean":"6418400072598","name":"Eskimo Foliovuoka kannella 0,85l 5kpl","price":3.59,"storeId":725782447,"__typename":"Product","approxPrice":false,"basicQuantityUnit":"KPL","comparisonPrice":0.72,"comparisonUnit":"PCE","consumerPackageSize":null,"consumerPackageUnit":null,"priceUnit":"KPL","quantityMultiplier":1,"brandName":"Fredman","slug":"eskimo-foliovuoka-kannella-0-85l-5kpl","isAgeLimitedByAlcohol":false,"frozen":false,"packagingLabels":[],"packagingLabelCodes":[],"hierarchyPath":[{"id":"1591691234054960","name":"Foliot ja alumiinivuoat","slug":"keittio-ja-kattaus/leivonta-ja-ruoanlaittotarvikkeet/foliot-ja-alumiinivuoat","__typename":"HierarchyPathItem"},{"id":"1591691234054955","name":"Leivonta- ja ruoanlaittotarvikkeet","slug":"keittio-ja-kattaus/leivonta-ja-ruoanlaittotarvikkeet","__typename":"HierarchyPathItem"},{"id":"1591691234054950","name":"Keittiö ja kattaus","slug":"keittio-ja-kattaus","__typename":"HierarchyPathItem"}],"isGlobalFallback":null,"countryName":{"fi":"Suomi","__typename":"CountryName"}},{"id":"6418400073045","ean":"6418400073045","name":"Fredman pakastuspussi 3l 65kpl","price":2.35,"storeId":725782447,"__typename":"Product","approxPrice":false,"basicQuantityUnit":"KPL","comparisonPrice":0.04,"comparisonUnit":"PCE","consumerPackageSize":null,"consumerPackageUnit":null,"priceUnit":"KPL","quantityMultiplier":1,"brandName":"Fredman","slug":"fredman-pakastuspussi-3l-65kpl","isAgeLimitedByAlcohol":false,"frozen":false,"packagingLabels":[],"packagingLabelCodes":[],"hierarchyPath":[{"id":"1591691234089652","name":"Pakastepussit","slug":"keittio-ja-kattaus/ruoan-sailytysastiat-ja-valineet/pakastepussit","__typename":"HierarchyPathItem"},{"id":"1591691234089647","name":"Ruoan säilytysastiat ja -välineet","slug":"keittio-ja-kattaus/ruoan-sailytysastiat-ja-valineet","__typename":"HierarchyPathItem"},{"id":"1591691234054950","name":"Keittiö ja kattaus","slug":"keittio-ja-kattaus","__typename":"HierarchyPathItem"}],"isGlobalFallback":null,"countryName":{"fi":"Suomi","__typename":"CountryName"}},{"id":"6418400081040","ean":"6418400081040","name":"Moomin by Fredman SUODPUSSI 1X4 VTON","price":2.3,"storeId":725782447,"__typename":"Product","approxPrice":false,"basicQuantityUnit":"KPL","comparisonPrice":0.02,"comparisonUnit":"PCE","consumerPackageSize":null,"consumerPackageUnit":null,"priceUnit":"KPL","quantityMultiplier":1,"brandName":"Fredman","slug":"moomin-by-fredman-suodpussi-1x4-vton","isAgeLimitedByAlcohol":false,"frozen":false,"packagingLabels":[],"packagingLabelCodes":[],"hierarchyPath":[{"id":"Herkku_00000503","name":"Suodatinpaperit","slug":"juomat-1/kahvit-ja-suodatinpaperit/suodatinpaperit","__typename":"HierarchyPathItem"},{"id":"Herkku_00000089","name":"Kahvit ja suodatinpaperit","slug":"juomat-1/kahvit-ja-suodatinpaperit","__typename":"HierarchyPathItem"},{"id":"Herkku_00000005","name":"Juomat","slug":"juomat-1","__typename":"HierarchyPathItem"}],"isGlobalFallback":null,"countryName":{"fi":"Suomi","__typename":"CountryName"}},{"id":"6418400082184","ean":"6418400082184","name":"Fredman suodatinpussi 1x4 valkaisematon 180kpl","price":2.65,"storeId":725782447,"__typename":"Product","approxPrice":false,"basicQuantityUnit":"KPL","comparisonPrice":0.01,"comparisonUnit":"PCE","consumerPackageSize":null,"consumerPackageUnit":null,"priceUnit":"KPL","quantityMultiplier":1,"brandName":"Fredman","slug":"fredman-suodatinpussi-1x4-valkaisematon-180kpl","isAgeLimitedByAlcohol":false,"frozen":false,"packagingLabels":["Pohjoismainen ympäristömerkki (Joutsen)"],"packagingLabelCodes":["SVANEN"],"hierarchyPath":[{"id":"Herkku_00000503","name":"Suodatinpaperit","slug":"juomat-1/kahvit-ja-suodatinpaperit/suodatinpaperit","__typename":"HierarchyPathItem"},{"id":"Herkku_00000089","name":"Kahvit ja suodatinpaperit","slug":"juomat-1/kahvit-ja-suodatinpaperit","__typename":"HierarchyPathItem"},{"id":"Herkku_00000005","name":"Juomat","slug":"juomat-1","__typename":"HierarchyPathItem"}],"isGlobalFallback":null,"countryName":{"fi":"Suomi","__typename":"CountryName"}},{"id":"6418401667410","ean":"6418401667410","name":"Fredman leivinarkki valkaisematon 38x42cm 24kpl","price":1.79,"storeId":725782447,"__typename":"Product","approxPrice":false,"basicQuantityUnit":"KPL","comparisonPrice":0.07,"comparisonUnit":"PCE","consumerPackageSize":null,"consumerPackageUnit":null,"priceUnit":"KPL","quantityMultiplier":1,"brandName":"Fredman","slug":"fredman-leivinarkki-valkaisematon-38x42cm-24kpl","isAgeLimitedByAlcohol":false,"frozen":false,"packagingLabels":["Avainlippu"," PEFC certified"," Pohjoismainen ympäristömerkki (Joutsen)"],"packagingLabelCodes":["MADE_IN_FINLAND_FLAG_WITH_KEY"," PEFC_CERTIFIED"," SVANEN"],"hierarchyPath":[{"id":"1591691234054959","name":"Leivinpaperit ja voipaperit","slug":"keittio-ja-kattaus/leivonta-ja-ruoanlaittotarvikkeet/leivinpaperit-ja-voipaperit","__typename":"HierarchyPathItem"},{"id":"1591691234054955","name":"Leivonta- ja ruoanlaittotarvikkeet","slug":"keittio-ja-kattaus/leivonta-ja-ruoanlaittotarvikkeet","__typename":"HierarchyPathItem"},{"id":"1591691234054950","name":"Keittiö ja kattaus","slug":"keittio-ja-kattaus","__typename":"HierarchyPathItem"}],"isGlobalFallback":null,"countryName":{"fi":"Suomi","__typename":"CountryName"}},{"id":"6418646130670","ean":"6418646130670","name":"Makrobios Juniori monivitamiini pehmonalle 60 kpl 120g","price":8.95,"storeId":725782447,"__typename":"Product","approxPrice":false,"basicQuantityUnit":"KPL","comparisonPrice":0.15,"comparisonUnit":"PCE","consumerPackageSize":null,"consumerPackageUnit":null,"priceUnit":"KPL","quantityMultiplier":1,"brandName":"Makrobios","slug":"makrobios-juniori-monivitamiini-pehmonalle-60-kpl-120g","isAgeLimitedByAlcohol":false,"frozen":false,"packagingLabels":[],"packagingLabelCodes":[],"hierarchyPath":[{"id":"Herkku_00001044","name":"Monivitamiinit","slug":"luontaistuotteet-ja-lisaravinteet-1/vitamiinit/monivitamiinit","__typename":"HierarchyPathItem"},{"id":"Herkku_00000177","name":"Vitamiinit","slug":"luontaistuotteet-ja-lisaravinteet-1/vitamiinit","__typename":"HierarchyPathItem"},{"id":"Herkku_00000016","name":"Luontaistuotteet ja lisäravinteet","slug":"luontaistuotteet-ja-lisaravinteet-1","__typename":"HierarchyPathItem"}],"isGlobalFallback":null,"countryName":{"fi":"Saksa","__typename":"CountryName"}},{"id":"6418646136177","ean":"6418646136177","name":"Makrobios D3-vitamiini 50 mcg 150 purutablettia 53g","price":4.4,"storeId":725782447,"__typename":"Product","approxPrice":false,"basicQuantityUnit":"KPL","comparisonPrice":0.03,"comparisonUnit":"PCE","consumerPackageSize":null,"consumerPackageUnit":null,"priceUnit":"KPL","quantityMultiplier":1,"brandName":"Makrobios","slug":"makrobios-d3-vitamiini-50-mcg-150-purutablettia-53g","isAgeLimitedByAlcohol":false,"frozen":false,"packagingLabels":[],"packagingLabelCodes":[],"hierarchyPath":[{"id":"Herkku_00001046","name":"D-vitamiinit","slug":"luontaistuotteet-ja-lisaravinteet-1/vitamiinit/d-vitamiinit","__typename":"HierarchyPathItem"},{"id":"Herkku_00000177","name":"Vitamiinit","slug":"luontaistuotteet-ja-lisaravinteet-1/vitamiinit","__typename":"HierarchyPathItem"},{"id":"Herkku_00000016","name":"Luontaistuotteet ja lisäravinteet","slug":"luontaistuotteet-ja-lisaravinteet-1","__typename":"HierarchyPathItem"}],"isGlobalFallback":null,"countryName":{"fi":"Suomi","__typename":"CountryName"}},{"id":"6418646139079","ean":"6418646139079","name":"Makrobios kolmivaikutteinen Melatoniini 1,9mg + rauhoittavat yrtit 60 tablettia 30g","price":7.25,"storeId":725782447,"__typename":"Product","approxPrice":false,"basicQuantityUnit":"KPL","comparisonPrice":0.12,"comparisonUnit":"PCE","consumerPackageSize":null,"consumerPackageUnit":null,"priceUnit":"KPL","quantityMultiplier":1,"brandName":"Makrobios","slug":"makrobios-kolmivaikutteinen-melatoniini-1-9mg-rauhoittavat-yrtit-60-tablettia-30g","isAgeLimitedByAlcohol":false,"frozen":false,"packagingLabels":[],"packagingLabelCodes":[],"hierarchyPath":[{"id":"Herkku_00001026","name":"Melatoniinit","slug":"luontaistuotteet-ja-lisaravinteet-1/erityisvalmisteet/melatoniinit","__typename":"HierarchyPathItem"},{"id":"Herkku_00000175","name":"Erityisvalmisteet","slug":"luontaistuotteet-ja-lisaravinteet-1/erityisvalmisteet","__typename":"HierarchyPathItem"},{"id":"Herkku_00000016","name":"Luontaistuotteet ja lisäravinteet","slug":"luontaistuotteet-ja-lisaravinteet-1","__typename":"HierarchyPathItem"}],"isGlobalFallback":null,"countryName":{"fi":"Suomi","__typename":"CountryName"}},{"id":"6418654001245","ean":"6418654001245","name":"Laitilan Kukko Lager 4,7% 0,5L olut","price":3.15,"storeId":725782447,"__typename":"Product","approxPrice":false,"basicQuantityUnit":"KPL","comparisonPrice":6,"comparisonUnit":"LTR","consumerPackageSize":null,"consumerPackageUnit":null,"priceUnit":"KPL","quantityMultiplier":1,"brandName":"Laitilan Kukko","slug":"laitilan-kukko-lager-4-7-0-5l-olut","isAgeLimitedByAlcohol":true,"frozen":false,"packagingLabels":["Gluteeniton elintarvike (yliviivattu tähkä)"],"packagingLabelCodes":["CROSSED_GRAIN_SYMBOL"],"hierarchyPath":[{"id":"Herkku_00000818","name":"Vaalea lager olut","slug":"juomat-1/oluet/vaalea-lager-olut","__typename":"HierarchyPathItem"},{"id":"Herkku_00000135","name":"Oluet","slug":"juomat-1/oluet","__typename":"HierarchyPathItem"},{"id":"Herkku_00000005","name":"Juomat","slug":"juomat-1","__typename":"HierarchyPathItem"}],"isGlobalFallback":null,"countryName":{"fi":"Suomi","__typename":"CountryName"}},{"id":"6418654004604","ean":"6418654004604","name":"Laitilan Kukko IPA 5,5% 0,5L olut","price":3.4899999999999998,"storeId":725782447,"__typename":"Product","approxPrice":false,"basicQuantityUnit":"KPL","comparisonPrice":6.68,"comparisonUnit":"LTR","consumerPackageSize":null,"consumerPackageUnit":null,"priceUnit":"KPL","quantityMultiplier":1,"brandName":"Laitilan Kukko","slug":"laitilan-kukko-ipa-5-5-0-5l-olut","isAgeLimitedByAlcohol":true,"frozen":false,"packagingLabels":["Gluteeniton elintarvike (yliviivattu tähkä)"],"packagingLabelCodes":["CROSSED_GRAIN_SYMBOL"],"hierarchyPath":[{"id":"Herkku_00000821","name":"Ale-olut","slug":"juomat-1/oluet/ale-olut","__typename":"HierarchyPathItem"},{"id":"Herkku_00000135","name":"Oluet","slug":"juomat-1/oluet","__typename":"HierarchyPathItem"},{"id":"Herkku_00000005","name":"Juomat","slug":"juomat-1","__typename":"HierarchyPathItem"}],"isGlobalFallback":null,"countryName":{"fi":"Suomi","__typename":"CountryName"}},{"id":"6418654011558","ean":"6418654011558","name":"Laitilan Kukko Pils 4,5% 0,5L olut","price":2.89,"storeId":725782447,"__typename":"Product","approxPrice":false,"basicQuantityUnit":"KPL","comparisonPrice":5.48,"comparisonUnit":"LTR","consumerPackageSize":null,"consumerPackageUnit":null,"priceUnit":"KPL","quantityMultiplier":1,"brandName":"Laitilan Kukko","slug":"laitilan-kukko-pils-4-5-0-5l-olut","isAgeLimitedByAlcohol":true,"frozen":false,"packagingLabels":["Gluteeniton elintarvike (yliviivattu tähkä)"],"packagingLabelCodes":["CROSSED_GRAIN_SYMBOL"],"hierarchyPath":[{"id":"Herkku_00000822","name":"Pils-olut","slug":"juomat-1/oluet/pils-olut","__typename":"HierarchyPathItem"},{"id":"Herkku_00000135","name":"Oluet","slug":"juomat-1/oluet","__typename":"HierarchyPathItem"},{"id":"Herkku_00000005","name":"Juomat","slug":"juomat-1","__typename":"HierarchyPathItem"}],"isGlobalFallback":null,"countryName":{"fi":"Suomi","__typename":"CountryName"}},{"id":"6418784011107","ean":"6418784011107","name":"Memmas Knossos Extra Neitsytoliiviöljy 500 ml","price":6.75,"storeId":725782447,"__typename":"Product","approxPrice":false,"basicQuantityUnit":"KPL","comparisonPrice":13.5,"comparisonUnit":"LTR","consumerPackageSize":null,"consumerPackageUnit":null,"priceUnit":"KPL","quantityMultiplier":1,"brandName":"Memmas Knossos","slug":"memmas-knossos-extra-neitsytoliivioljy-500-ml","isAgeLimitedByAlcohol":false,"frozen":false,"packagingLabels":[],"packagingLabelCodes":[],"hierarchyPath":[{"id":"Herkku_00000442","name":"Oliiviöljyt","slug":"oljyt-mausteet-maustaminen-1/oljyt/oliivioljyt","__typename":"HierarchyPathItem"},{"id":"Herkku_00000081","name":"Öljyt","slug":"oljyt-mausteet-maustaminen-1/oljyt","__typename":"HierarchyPathItem"},{"id":"Herkku_00000011","name":"Öljyt, mausteet, maustaminen","slug":"oljyt-mausteet-maustaminen-1","__typename":"HierarchyPathItem"}],"isGlobalFallback":null,"countryName":{"fi":"Kreikka","__typename":"CountryName"}},{"id":"6418787025804","ean":"6418787025804","name":"CC Kalenterimappi 2023","price":4.95,"storeId":725782447,"__typename":"Product","approxPrice":false,"basicQuantityUnit":"KPL","comparisonPrice":4.95,"comparisonUnit":"PCE","consumerPackageSize":null,"consumerPackageUnit":null,"priceUnit":"KPL","quantityMultiplier":1,"brandName":"CC Kalenterit","slug":"cc-kalenterimappi-2023","isAgeLimitedByAlcohol":false,"frozen":false,"packagingLabels":[],"packagingLabelCodes":[],"hierarchyPath":[{"id":"1591691234747427","name":"Kalenterit","slug":"koti-ja-vapaa-aika/paperi-ja-toimistotarvikkeet/kalenterit","__typename":"HierarchyPathItem"},{"id":"1591691234747419","name":"Paperi- ja toimistotarvikkeet","slug":"koti-ja-vapaa-aika/paperi-ja-toimistotarvikkeet","__typename":"HierarchyPathItem"},{"id":"Herkku_00000002","name":"Koti ja vapaa-aika","slug":"koti-ja-vapaa-aika","__typename":"HierarchyPathItem"}],"isGlobalFallback":null,"countryName":{"fi":"Suomi","__typename":"CountryName"}},{"id":"6418787025811","ean":"6418787025811","name":"Ontime-kalenteri 2023","price":10.5,"storeId":725782447,"__typename":"Product","approxPrice":false,"basicQuantityUnit":"KPL","comparisonPrice":10.5,"comparisonUnit":"PCE","consumerPackageSize":null,"consumerPackageUnit":null,"priceUnit":"KPL","quantityMultiplier":1,"brandName":null,"slug":"ontime-kalenteri-2023","isAgeLimitedByAlcohol":false,"frozen":false,"packagingLabels":[],"packagingLabelCodes":[],"hierarchyPath":[{"id":"1591691234747427","name":"Kalenterit","slug":"koti-ja-vapaa-aika/paperi-ja-toimistotarvikkeet/kalenterit","__typename":"HierarchyPathItem"},{"id":"1591691234747419","name":"Paperi- ja toimistotarvikkeet","slug":"koti-ja-vapaa-aika/paperi-ja-toimistotarvikkeet","__typename":"HierarchyPathItem"},{"id":"Herkku_00000002","name":"Koti ja vapaa-aika","slug":"koti-ja-vapaa-aika","__typename":"HierarchyPathItem"}],"isGlobalFallback":null,"countryName":{"fi":"Suomi","__typename":"CountryName"}},{"id":"6418940501114","ean":"6418940501114","name":"Naturel Rose & Lily suihkulahjapakkaus 270ml suihkugeeli + 270ml vartalovoide","price":5.99,"storeId":725782447,"__typename":"Product","approxPrice":false,"basicQuantityUnit":"KPL","comparisonPrice":5.99,"comparisonUnit":"PCE","consumerPackageSize":null,"consumerPackageUnit":null,"priceUnit":"KPL","quantityMultiplier":1,"brandName":"Naturel","slug":"naturel-rose-and-lily-suihkulahjapakkaus-270ml-suihkugeeli-270ml-vartalovoide","isAgeLimitedByAlcohol":false,"frozen":false,"packagingLabels":[],"packagingLabelCodes":[],"hierarchyPath":[{"id":"1591691233832765","name":"Lahjapakkaukset","slug":"kosmetiikka-ja-hygienia/muut-kosmetiikka-ja-hygieniatuotteet/lahjapakkaukset","__typename":"HierarchyPathItem"},{"id":"1591691233832153","name":"Muut kosmetiikka ja hygieniatuotteet","slug":"kosmetiikka-ja-hygienia/muut-kosmetiikka-ja-hygieniatuotteet","__typename":"HierarchyPathItem"},{"id":"1591691233334707","name":"Kosmetiikka ja hygienia","slug":"kosmetiikka-ja-hygienia","__typename":"HierarchyPathItem"}],"isGlobalFallback":null,"countryName":{"fi":"Kiina","__typename":"CountryName"}},{"id":"6418940501190","ean":"6418940501190","name":"Naturel English Rose suihkulahjapakkaus 270ml suihkugeeli + 270ml vartalovoide","price":5.99,"storeId":725782447,"__typename":"Product","approxPrice":false,"basicQuantityUnit":"KPL","comparisonPrice":5.99,"comparisonUnit":"PCE","consumerPackageSize":null,"consumerPackageUnit":null,"priceUnit":"KPL","quantityMultiplier":1,"brandName":"Naturel","slug":"naturel-english-rose-suihkulahjapakkaus-270ml-suihkugeeli-270ml-vartalovoide","isAgeLimitedByAlcohol":false,"frozen":false,"packagingLabels":[],"packagingLabelCodes":[],"hierarchyPath":[{"id":"1591691233832765","name":"Lahjapakkaukset","slug":"kosmetiikka-ja-hygienia/muut-kosmetiikka-ja-hygieniatuotteet/lahjapakkaukset","__typename":"HierarchyPathItem"},{"id":"1591691233832153","name":"Muut kosmetiikka ja hygieniatuotteet","slug":"kosmetiikka-ja-hygienia/muut-kosmetiikka-ja-hygieniatuotteet","__typename":"HierarchyPathItem"},{"id":"1591691233334707","name":"Kosmetiikka ja hygienia","slug":"kosmetiikka-ja-hygienia","__typename":"HierarchyPathItem"}],"isGlobalFallback":null,"countryName":{"fi":"Kiina","__typename":"CountryName"}},{"id":"6418945008113","ean":"6418945008113","name":"Rainbow Makea Suippopaprika 300g","price":2.19,"storeId":725782447,"__typename":"Product","approxPrice":false,"basicQuantityUnit":"KPL","comparisonPrice":7.3,"comparisonUnit":"KGM","consumerPackageSize":null,"consumerPackageUnit":null,"priceUnit":"KPL","quantityMultiplier":1,"brandName":"Rainbow","slug":"rainbow-makea-suippopaprika-300g","isAgeLimitedByAlcohol":false,"frozen":false,"packagingLabels":[],"packagingLabelCodes":[],"hierarchyPath":[{"id":"StructureGroup_507756644246825","name":"Paprikat","slug":"hedelmat-ja-vihannekset-1/vihannekset/paprikat","__typename":"HierarchyPathItem"},{"id":"Herkku_00000023","name":"Vihannekset","slug":"hedelmat-ja-vihannekset-1/vihannekset","__typename":"HierarchyPathItem"},{"id":"Herkku_00000001","name":"Hedelmät ja vihannekset","slug":"hedelmat-ja-vihannekset-1","__typename":"HierarchyPathItem"}],"isGlobalFallback":null,"countryName":{"fi":"Espanja","__typename":"CountryName"}},{"id":"6419642334208","ean":"6419642334208","name":"ONNI Pyykkietikka","price":4.09,"storeId":725782447,"__typename":"Product","approxPrice":false,"basicQuantityUnit":"KPL","comparisonPrice":5.45,"comparisonUnit":"LTR","consumerPackageSize":null,"consumerPackageUnit":null,"priceUnit":"KPL","quantityMultiplier":1,"brandName":"Onni","slug":"onni-pyykkietikka","isAgeLimitedByAlcohol":false,"frozen":false,"packagingLabels":[],"packagingLabelCodes":[],"hierarchyPath":[{"id":"1591691234596333","name":"Huuhteluaineet","slug":"kodinhoito-ja-taloustarvikkeet/pyykinpesu/huuhteluaineet","__typename":"HierarchyPathItem"},{"id":"1591691234596326","name":"Pyykinpesu","slug":"kodinhoito-ja-taloustarvikkeet/pyykinpesu","__typename":"HierarchyPathItem"},{"id":"1591691234596256","name":"Kodinhoito ja taloustarvikkeet","slug":"kodinhoito-ja-taloustarvikkeet","__typename":"HierarchyPathItem"}],"isGlobalFallback":null,"countryName":{"fi":"Suomi","__typename":"CountryName"}},{"id":"6419642803339","ean":"6419642803339","name":"Putkireiska 1L putkenavaajaliuos","price":3.25,"storeId":725782447,"__typename":"Product","approxPrice":false,"basicQuantityUnit":"KPL","comparisonPrice":3.25,"comparisonUnit":"LTR","consumerPackageSize":null,"consumerPackageUnit":null,"priceUnit":"KPL","quantityMultiplier":1,"brandName":"Foxtel","slug":"putkireiska-1l-putkenavaajaliuos","isAgeLimitedByAlcohol":false,"frozen":false,"packagingLabels":[],"packagingLabelCodes":[],"hierarchyPath":[{"id":"1591691234596341","name":"Kylpyhuoneen ja wc:n puhdistusaineet","slug":"kodinhoito-ja-taloustarvikkeet/siivous-ja-puhdistusaineet/kylpyhuoneen-ja-wc:n-puhdistusaineet","__typename":"HierarchyPathItem"},{"id":"1591691234596327","name":"Siivous ja puhdistusaineet","slug":"kodinhoito-ja-taloustarvikkeet/siivous-ja-puhdistusaineet","__typename":"HierarchyPathItem"},{"id":"1591691234596256","name":"Kodinhoito ja taloustarvikkeet","slug":"kodinhoito-ja-taloustarvikkeet","__typename":"HierarchyPathItem"}],"isGlobalFallback":null,"countryName":{"fi":"Suomi","__typename":"CountryName"}},{"id":"6419744004979","ean":"6419744004979","name":"Kokkikartano Lihapyörykät ja muusi 350g","price":4.99,"storeId":725782447,"__typename":"Product","approxPrice":false,"basicQuantityUnit":"KPL","comparisonPrice":14.26,"comparisonUnit":"KGM","consumerPackageSize":null,"consumerPackageUnit":null,"priceUnit":"KPL","quantityMultiplier":1,"brandName":"Kokkikartano","slug":"kokkikartano-lihapyorykat-ja-muusi-350g","isAgeLimitedByAlcohol":false,"frozen":false,"packagingLabels":["Hyvää Suomesta (Sininen Joutsen)"],"packagingLabelCodes":["GOODS_FROM_FINLAND_BLUE_SWAN"],"hierarchyPath":[{"id":"1591691237218449","name":"Mikroateriat","slug":"valmisruoka-1/valmisateriat-ja-keitot/mikroateriat","__typename":"HierarchyPathItem"},{"id":"1591691237074396","name":"Valmisateriat ja -keitot","slug":"valmisruoka-1/valmisateriat-ja-keitot","__typename":"HierarchyPathItem"},{"id":"StructureGroup_1356670909914497","name":"Valmisruoka","slug":"valmisruoka-1","__typename":"HierarchyPathItem"}],"isGlobalFallback":null,"countryName":{"fi":"Suomi","__typename":"CountryName"}},{"id":"6419744005303","ean":"6419744005303","name":"Kokkikartano Paneroitu kalaleike ja muusi 350g","price":4.99,"storeId":725782447,"__typename":"Product","approxPrice":false,"basicQuantityUnit":"KPL","comparisonPrice":14.26,"comparisonUnit":"KGM","consumerPackageSize":null,"consumerPackageUnit":null,"priceUnit":"KPL","quantityMultiplier":1,"brandName":"Kokkikartano","slug":"kokkikartano-paneroitu-kalaleike-ja-muusi-350g","isAgeLimitedByAlcohol":false,"frozen":false,"packagingLabels":[],"packagingLabelCodes":[],"hierarchyPath":[{"id":"1591691237218449","name":"Mikroateriat","slug":"valmisruoka-1/valmisateriat-ja-keitot/mikroateriat","__typename":"HierarchyPathItem"},{"id":"1591691237074396","name":"Valmisateriat ja -keitot","slug":"valmisruoka-1/valmisateriat-ja-keitot","__typename":"HierarchyPathItem"},{"id":"StructureGroup_1356670909914497","name":"Valmisruoka","slug":"valmisruoka-1","__typename":"HierarchyPathItem"}],"isGlobalFallback":null,"countryName":{"fi":"Suomi","__typename":"CountryName"}},{"id":"6419744005341","ean":"6419744005341","name":"Kokkikartano Kebab riisillä 350g","price":4.99,"storeId":725782447,"__typename":"Product","approxPrice":false,"basicQuantityUnit":"KPL","comparisonPrice":14.26,"comparisonUnit":"KGM","consumerPackageSize":null,"consumerPackageUnit":null,"priceUnit":"KPL","quantityMultiplier":1,"brandName":"Kokkikartano","slug":"kokkikartano-kebab-riisilla-350g","isAgeLimitedByAlcohol":false,"frozen":false,"packagingLabels":[],"packagingLabelCodes":[],"hierarchyPath":[{"id":"1591691237218449","name":"Mikroateriat","slug":"valmisruoka-1/valmisateriat-ja-keitot/mikroateriat","__typename":"HierarchyPathItem"},{"id":"1591691237074396","name":"Valmisateriat ja -keitot","slug":"valmisruoka-1/valmisateriat-ja-keitot","__typename":"HierarchyPathItem"},{"id":"StructureGroup_1356670909914497","name":"Valmisruoka","slug":"valmisruoka-1","__typename":"HierarchyPathItem"}],"isGlobalFallback":null,"countryName":{"fi":"Suomi","__typename":"CountryName"}},{"id":"6419800003960","ean":"6419800003960","name":"OLVI Export 5,2 % olut 0,33 l tlk","price":1.95,"storeId":725782447,"__typename":"Product","approxPrice":false,"basicQuantityUnit":"KPL","comparisonPrice":5.45,"comparisonUnit":"LTR","consumerPackageSize":null,"consumerPackageUnit":null,"priceUnit":"KPL","quantityMultiplier":1,"brandName":"Olvi","slug":"olvi-export-5-2-olut-0-33-l-tlk","isAgeLimitedByAlcohol":true,"frozen":false,"packagingLabels":["Avainlippu"," Kierrätysmerkki"],"packagingLabelCodes":["MADE_IN_FINLAND_FLAG_WITH_KEY"," RECYCLABLE_GENERAL_CLAIM"],"hierarchyPath":[{"id":"Herkku_00000818","name":"Vaalea lager olut","slug":"juomat-1/oluet/vaalea-lager-olut","__typename":"HierarchyPathItem"},{"id":"Herkku_00000135","name":"Oluet","slug":"juomat-1/oluet","__typename":"HierarchyPathItem"},{"id":"Herkku_00000005","name":"Juomat","slug":"juomat-1","__typename":"HierarchyPathItem"}],"isGlobalFallback":null,"countryName":{"fi":"Suomi","__typename":"CountryName"}},{"id":"6419800010265","ean":"6419800010265","name":"8 x OLVI Export 5,2 % olut 0,33 l tlk kutiste","price":15.6,"storeId":725782447,"__typename":"Product","approxPrice":false,"basicQuantityUnit":"KPL","comparisonPrice":5.45,"comparisonUnit":"LTR","consumerPackageSize":null,"consumerPackageUnit":null,"priceUnit":"KPL","quantityMultiplier":1,"brandName":"Olvi","slug":"8-x-olvi-export-5-2-olut-0-33-l-tlk-kutiste","isAgeLimitedByAlcohol":true,"frozen":false,"packagingLabels":["Avainlippu"],"packagingLabelCodes":["MADE_IN_FINLAND_FLAG_WITH_KEY"],"hierarchyPath":[{"id":"Herkku_00000818","name":"Vaalea lager olut","slug":"juomat-1/oluet/vaalea-lager-olut","__typename":"HierarchyPathItem"},{"id":"Herkku_00000135","name":"Oluet","slug":"juomat-1/oluet","__typename":"HierarchyPathItem"},{"id":"Herkku_00000005","name":"Juomat","slug":"juomat-1","__typename":"HierarchyPathItem"}],"isGlobalFallback":null,"countryName":{"fi":"Suomi","__typename":"CountryName"}},{"id":"6419800010302","ean":"6419800010302","name":"Sandels Juhlaolut Suodattamaton 5,3 % 0,5 l tlk","price":3.89,"storeId":725782447,"__typename":"Product","approxPrice":false,"basicQuantityUnit":"KPL","comparisonPrice":7.48,"comparisonUnit":"LTR","consumerPackageSize":null,"consumerPackageUnit":null,"priceUnit":"KPL","quantityMultiplier":1,"brandName":"Sandels","slug":"sandels-juhlaolut-suodattamaton-5-3-0-5-l-tlk","isAgeLimitedByAlcohol":true,"frozen":false,"packagingLabels":["Avainlippu"],"packagingLabelCodes":["MADE_IN_FINLAND_FLAG_WITH_KEY"],"hierarchyPath":[{"id":"Herkku_00000818","name":"Vaalea lager olut","slug":"juomat-1/oluet/vaalea-lager-olut","__typename":"HierarchyPathItem"},{"id":"Herkku_00000135","name":"Oluet","slug":"juomat-1/oluet","__typename":"HierarchyPathItem"},{"id":"Herkku_00000005","name":"Juomat","slug":"juomat-1","__typename":"HierarchyPathItem"}],"isGlobalFallback":null,"countryName":{"fi":"Suomi","__typename":"CountryName"}},{"id":"6419800010319","ean":"6419800010319","name":"OLVI NEIPA 5,0 % 0,5 l tlk","price":3.59,"storeId":725782447,"__typename":"Product","approxPrice":false,"basicQuantityUnit":"KPL","comparisonPrice":6.88,"comparisonUnit":"LTR","consumerPackageSize":null,"consumerPackageUnit":null,"priceUnit":"KPL","quantityMultiplier":1,"brandName":"Olvi","slug":"olvi-neipa-5-0-0-5-l-tlk","isAgeLimitedByAlcohol":true,"frozen":false,"packagingLabels":["Avainlippu"," Kierrätysmerkki"],"packagingLabelCodes":["MADE_IN_FINLAND_FLAG_WITH_KEY"," RECYCLABLE_GENERAL_CLAIM"],"hierarchyPath":[{"id":"Herkku_00000821","name":"Ale-olut","slug":"juomat-1/oluet/ale-olut","__typename":"HierarchyPathItem"},{"id":"Herkku_00000135","name":"Oluet","slug":"juomat-1/oluet","__typename":"HierarchyPathItem"},{"id":"Herkku_00000005","name":"Juomat","slug":"juomat-1","__typename":"HierarchyPathItem"}],"isGlobalFallback":null,"countryName":{"fi":"Suomi","__typename":"CountryName"}},{"id":"6419800010777","ean":"6419800010777","name":"Sandels 5,3% olut 0,33 l tlk","price":2.19,"storeId":725782447,"__typename":"Product","approxPrice":false,"basicQuantityUnit":"KPL","comparisonPrice":6.18,"comparisonUnit":"LTR","consumerPackageSize":null,"consumerPackageUnit":null,"priceUnit":"KPL","quantityMultiplier":1,"brandName":"Sandels","slug":"sandels-5-3-olut-0-33-l-tlk","isAgeLimitedByAlcohol":true,"frozen":false,"packagingLabels":["Avainlippu"],"packagingLabelCodes":["MADE_IN_FINLAND_FLAG_WITH_KEY"],"hierarchyPath":[{"id":"Herkku_00000818","name":"Vaalea lager olut","slug":"juomat-1/oluet/vaalea-lager-olut","__typename":"HierarchyPathItem"},{"id":"Herkku_00000135","name":"Oluet","slug":"juomat-1/oluet","__typename":"HierarchyPathItem"},{"id":"Herkku_00000005","name":"Juomat","slug":"juomat-1","__typename":"HierarchyPathItem"}],"isGlobalFallback":null,"countryName":{"fi":"Suomi","__typename":"CountryName"}},{"id":"6419800011637","ean":"6419800011637","name":"Sandels 5,3 % olut 0,5 l tlk","price":3.79,"storeId":725782447,"__typename":"Product","approxPrice":false,"basicQuantityUnit":"KPL","comparisonPrice":7.28,"comparisonUnit":"LTR","consumerPackageSize":null,"consumerPackageUnit":null,"priceUnit":"KPL","quantityMultiplier":1,"brandName":"Sandels","slug":"sandels-5-3-olut-0-5-l-tlk","isAgeLimitedByAlcohol":true,"frozen":false,"packagingLabels":["Avainlippu"],"packagingLabelCodes":["MADE_IN_FINLAND_FLAG_WITH_KEY"],"hierarchyPath":[{"id":"Herkku_00000818","name":"Vaalea lager olut","slug":"juomat-1/oluet/vaalea-lager-olut","__typename":"HierarchyPathItem"},{"id":"Herkku_00000135","name":"Oluet","slug":"juomat-1/oluet","__typename":"HierarchyPathItem"},{"id":"Herkku_00000005","name":"Juomat","slug":"juomat-1","__typename":"HierarchyPathItem"}],"isGlobalFallback":null,"countryName":{"fi":"Suomi","__typename":"CountryName"}},{"id":"6419800011668","ean":"6419800011668","name":"6 x Sandels 5,3% olut 0,33 l tlk kutiste","price":13.14,"storeId":725782447,"__typename":"Product","approxPrice":false,"basicQuantityUnit":"KPL","comparisonPrice":6.18,"comparisonUnit":"LTR","consumerPackageSize":null,"consumerPackageUnit":null,"priceUnit":"KPL","quantityMultiplier":1,"brandName":"Sandels","slug":"6-x-sandels-5-3-olut-0-33-l-tlk-kutiste","isAgeLimitedByAlcohol":true,"frozen":false,"packagingLabels":["Avainlippu"," Kierrätysmerkki"],"packagingLabelCodes":["MADE_IN_FINLAND_FLAG_WITH_KEY"," RECYCLABLE_GENERAL_CLAIM"],"hierarchyPath":[{"id":"Herkku_00000818","name":"Vaalea lager olut","slug":"juomat-1/oluet/vaalea-lager-olut","__typename":"HierarchyPathItem"},{"id":"Herkku_00000135","name":"Oluet","slug":"juomat-1/oluet","__typename":"HierarchyPathItem"},{"id":"Herkku_00000005","name":"Juomat","slug":"juomat-1","__typename":"HierarchyPathItem"}],"isGlobalFallback":null,"countryName":{"fi":"Suomi","__typename":"CountryName"}},{"id":"6419800011903","ean":"6419800011903","name":"OLVI Jouluolut 5,0% 0,33 l klp","price":2.45,"storeId":725782447,"__typename":"Product","approxPrice":false,"basicQuantityUnit":"KPL","comparisonPrice":7.12,"comparisonUnit":"LTR","consumerPackageSize":null,"consumerPackageUnit":null,"priceUnit":"KPL","quantityMultiplier":1,"brandName":"Olvi","slug":"olvi-jouluolut-5-0-0-33-l-klp","isAgeLimitedByAlcohol":true,"frozen":false,"packagingLabels":["Avainlippu"," Kierrätysmerkki"],"packagingLabelCodes":["MADE_IN_FINLAND_FLAG_WITH_KEY"," RECYCLABLE_GENERAL_CLAIM"],"hierarchyPath":[{"id":"Herkku_00000816","name":"Muut oluet","slug":"juomat-1/oluet/muut-oluet","__typename":"HierarchyPathItem"},{"id":"Herkku_00000135","name":"Oluet","slug":"juomat-1/oluet","__typename":"HierarchyPathItem"},{"id":"Herkku_00000005","name":"Juomat","slug":"juomat-1","__typename":"HierarchyPathItem"}],"isGlobalFallback":null,"countryName":{"fi":"Suomi","__typename":"CountryName"}},{"id":"6419800020271","ean":"6419800020271","name":"8 x Sandels 4,7% olut 0,33 l tlk kutiste","price":16.56,"storeId":725782447,"__typename":"Product","approxPrice":false,"basicQuantityUnit":"KPL","comparisonPrice":5.82,"comparisonUnit":"LTR","consumerPackageSize":null,"consumerPackageUnit":null,"priceUnit":"KPL","quantityMultiplier":1,"brandName":"Sandels","slug":"8-x-sandels-4-7-olut-0-33-l-tlk-kutiste","isAgeLimitedByAlcohol":true,"frozen":false,"packagingLabels":["Avainlippu"],"packagingLabelCodes":["MADE_IN_FINLAND_FLAG_WITH_KEY"],"hierarchyPath":[{"id":"Herkku_00000818","name":"Vaalea lager olut","slug":"juomat-1/oluet/vaalea-lager-olut","__typename":"HierarchyPathItem"},{"id":"Herkku_00000135","name":"Oluet","slug":"juomat-1/oluet","__typename":"HierarchyPathItem"},{"id":"Herkku_00000005","name":"Juomat","slug":"juomat-1","__typename":"HierarchyPathItem"}],"isGlobalFallback":null,"countryName":{"fi":"Suomi","__typename":"CountryName"}},{"id":"6419800020837","ean":"6419800020837","name":"Sandels 4,7 % olut 0,568 l tlk","price":3.59,"storeId":725782447,"__typename":"Product","approxPrice":false,"basicQuantityUnit":"KPL","comparisonPrice":6.06,"comparisonUnit":"LTR","consumerPackageSize":null,"consumerPackageUnit":null,"priceUnit":"KPL","quantityMultiplier":1,"brandName":"Sandels","slug":"sandels-4-7-olut-0-568-l-tlk","isAgeLimitedByAlcohol":true,"frozen":false,"packagingLabels":["Avainlippu"],"packagingLabelCodes":["MADE_IN_FINLAND_FLAG_WITH_KEY"],"hierarchyPath":[{"id":"Herkku_00000818","name":"Vaalea lager olut","slug":"juomat-1/oluet/vaalea-lager-olut","__typename":"HierarchyPathItem"},{"id":"Herkku_00000135","name":"Oluet","slug":"juomat-1/oluet","__typename":"HierarchyPathItem"},{"id":"Herkku_00000005","name":"Juomat","slug":"juomat-1","__typename":"HierarchyPathItem"}],"isGlobalFallback":null,"countryName":{"fi":"Suomi","__typename":"CountryName"}},{"id":"6419800020899","ean":"6419800020899","name":"A. Le Coq Premium 4,5% olut 0,5 l tlk","price":2.69,"storeId":725782447,"__typename":"Product","approxPrice":false,"basicQuantityUnit":"KPL","comparisonPrice":5.08,"comparisonUnit":"LTR","consumerPackageSize":null,"consumerPackageUnit":null,"priceUnit":"KPL","quantityMultiplier":1,"brandName":"A. Le Coq","slug":"a-le-coq-premium-4-5-olut-0-5-l-tlk","isAgeLimitedByAlcohol":true,"frozen":false,"packagingLabels":[],"packagingLabelCodes":[],"hierarchyPath":[{"id":"Herkku_00000818","name":"Vaalea lager olut","slug":"juomat-1/oluet/vaalea-lager-olut","__typename":"HierarchyPathItem"},{"id":"Herkku_00000135","name":"Oluet","slug":"juomat-1/oluet","__typename":"HierarchyPathItem"},{"id":"Herkku_00000005","name":"Juomat","slug":"juomat-1","__typename":"HierarchyPathItem"}],"isGlobalFallback":null,"countryName":{"fi":"Suomi","__typename":"CountryName"}},{"id":"6419800021261","ean":"6419800021261","name":"A. Le Coq Premium 4,5% olut 0,33 l tlk","price":1.2999999999999998,"storeId":725782447,"__typename":"Product","approxPrice":false,"basicQuantityUnit":"KPL","comparisonPrice":3.48,"comparisonUnit":"LTR","consumerPackageSize":null,"consumerPackageUnit":null,"priceUnit":"KPL","quantityMultiplier":1,"brandName":"A. Le Coq","slug":"a-le-coq-premium-4-5-olut-0-33-l-tlk","isAgeLimitedByAlcohol":true,"frozen":false,"packagingLabels":[],"packagingLabelCodes":[],"hierarchyPath":[{"id":"Herkku_00000818","name":"Vaalea lager olut","slug":"juomat-1/oluet/vaalea-lager-olut","__typename":"HierarchyPathItem"},{"id":"Herkku_00000135","name":"Oluet","slug":"juomat-1/oluet","__typename":"HierarchyPathItem"},{"id":"Herkku_00000005","name":"Juomat","slug":"juomat-1","__typename":"HierarchyPathItem"}],"isGlobalFallback":null,"countryName":{"fi":"Suomi","__typename":"CountryName"}},{"id":"6419800021285","ean":"6419800021285","name":"8 x A. Le Coq Premium 4,5% olut 0,33 l tlk kutiste","price":13.68,"storeId":725782447,"__typename":"Product","approxPrice":false,"basicQuantityUnit":"KPL","comparisonPrice":4.73,"comparisonUnit":"LTR","consumerPackageSize":null,"consumerPackageUnit":null,"priceUnit":"KPL","quantityMultiplier":1,"brandName":"A. Le Coq","slug":"8-x-a-le-coq-premium-4-5-olut-0-33-l-tlk-kutiste","isAgeLimitedByAlcohol":true,"frozen":false,"packagingLabels":[],"packagingLabelCodes":[],"hierarchyPath":[{"id":"Herkku_00000818","name":"Vaalea lager olut","slug":"juomat-1/oluet/vaalea-lager-olut","__typename":"HierarchyPathItem"},{"id":"Herkku_00000135","name":"Oluet","slug":"juomat-1/oluet","__typename":"HierarchyPathItem"},{"id":"Herkku_00000005","name":"Juomat","slug":"juomat-1","__typename":"HierarchyPathItem"}],"isGlobalFallback":null,"countryName":{"fi":"Suomi","__typename":"CountryName"}},{"id":"6419800022039","ean":"6419800022039","name":"6 x A. Le Coq Gold 4,7% olut 0,33 l tlk kutiste","price":8.88,"storeId":725782447,"__typename":"Product","approxPrice":false,"basicQuantityUnit":"KPL","comparisonPrice":4.03,"comparisonUnit":"LTR","consumerPackageSize":null,"consumerPackageUnit":null,"priceUnit":"KPL","quantityMultiplier":1,"brandName":"A. Le Coq","slug":"6-x-a-le-coq-gold-4-7-olut-0-33-l-tlk-kutiste","isAgeLimitedByAlcohol":true,"frozen":false,"packagingLabels":[],"packagingLabelCodes":[],"hierarchyPath":[{"id":"Herkku_00000818","name":"Vaalea lager olut","slug":"juomat-1/oluet/vaalea-lager-olut","__typename":"HierarchyPathItem"},{"id":"Herkku_00000135","name":"Oluet","slug":"juomat-1/oluet","__typename":"HierarchyPathItem"},{"id":"Herkku_00000005","name":"Juomat","slug":"juomat-1","__typename":"HierarchyPathItem"}],"isGlobalFallback":null,"countryName":{"fi":"Suomi","__typename":"CountryName"}},{"id":"6419800022343","ean":"6419800022343","name":"OLVI IPA 4,7% olut 0,5 l tlk","price":3.15,"storeId":725782447,"__typename":"Product","approxPrice":false,"basicQuantityUnit":"KPL","comparisonPrice":6,"comparisonUnit":"LTR","consumerPackageSize":null,"consumerPackageUnit":null,"priceUnit":"KPL","quantityMultiplier":1,"brandName":"Olvi","slug":"olvi-ipa-4-7-olut-0-5-l-tlk","isAgeLimitedByAlcohol":true,"frozen":false,"packagingLabels":[],"packagingLabelCodes":[],"hierarchyPath":[{"id":"Herkku_00000821","name":"Ale-olut","slug":"juomat-1/oluet/ale-olut","__typename":"HierarchyPathItem"},{"id":"Herkku_00000135","name":"Oluet","slug":"juomat-1/oluet","__typename":"HierarchyPathItem"},{"id":"Herkku_00000005","name":"Juomat","slug":"juomat-1","__typename":"HierarchyPathItem"}],"isGlobalFallback":null,"countryName":{"fi":"Suomi","__typename":"CountryName"}},{"id":"6419800030324","ean":"6419800030324","name":"OLVI Rye Mild Neipa 2,5 % olut 0,5 l tlk","price":2.39,"storeId":725782447,"__typename":"Product","approxPrice":false,"basicQuantityUnit":"KPL","comparisonPrice":4.48,"comparisonUnit":"LTR","consumerPackageSize":null,"consumerPackageUnit":null,"priceUnit":"KPL","quantityMultiplier":1,"brandName":"Olvi","slug":"olvi-rye-mild-neipa-2-5-olut-0-5-l-tlk","isAgeLimitedByAlcohol":true,"frozen":false,"packagingLabels":["Avainlippu"," Kierrätysmerkki"],"packagingLabelCodes":["MADE_IN_FINLAND_FLAG_WITH_KEY"," RECYCLABLE_GENERAL_CLAIM"],"hierarchyPath":[{"id":"Herkku_00000821","name":"Ale-olut","slug":"juomat-1/oluet/ale-olut","__typename":"HierarchyPathItem"},{"id":"Herkku_00000135","name":"Oluet","slug":"juomat-1/oluet","__typename":"HierarchyPathItem"},{"id":"Herkku_00000005","name":"Juomat","slug":"juomat-1","__typename":"HierarchyPathItem"}],"isGlobalFallback":null,"countryName":{"fi":"Suomi","__typename":"CountryName"}},{"id":"6419800030379","ean":"6419800030379","name":"OLVI American Mild Wheat Ale 2,5 % 0,5 l tlk","price":2.39,"storeId":725782447,"__typename":"Product","approxPrice":false,"basicQuantityUnit":"KPL","comparisonPrice":4.48,"comparisonUnit":"LTR","consumerPackageSize":null,"consumerPackageUnit":null,"priceUnit":"KPL","quantityMultiplier":1,"brandName":"Olvi","slug":"olvi-american-mild-wheat-ale-2-5-0-5-l-tlk","isAgeLimitedByAlcohol":true,"frozen":false,"packagingLabels":["Avainlippu"],"packagingLabelCodes":["MADE_IN_FINLAND_FLAG_WITH_KEY"],"hierarchyPath":[{"id":"Herkku_00000821","name":"Ale-olut","slug":"juomat-1/oluet/ale-olut","__typename":"HierarchyPathItem"},{"id":"Herkku_00000135","name":"Oluet","slug":"juomat-1/oluet","__typename":"HierarchyPathItem"},{"id":"Herkku_00000005","name":"Juomat","slug":"juomat-1","__typename":"HierarchyPathItem"}],"isGlobalFallback":null,"countryName":{"fi":"Suomi","__typename":"CountryName"}},{"id":"6419800051190","ean":"6419800051190","name":"KevytOlo Sitruuna mehukivennäisvesi 0,95 l kmp","price":2.29,"storeId":725782447,"__typename":"Product","approxPrice":false,"basicQuantityUnit":"KPL","comparisonPrice":2.2,"comparisonUnit":"LTR","consumerPackageSize":null,"consumerPackageUnit":null,"priceUnit":"KPL","quantityMultiplier":1,"brandName":"Olvi","slug":"kevytolo-sitruuna-mehukivennaisvesi-0-95-l-kmp","isAgeLimitedByAlcohol":false,"frozen":false,"packagingLabels":["Avainlippu"],"packagingLabelCodes":["MADE_IN_FINLAND_FLAG_WITH_KEY"],"hierarchyPath":[{"id":"Herkku_00000851","name":"Mehukivennäisvedet ja makuvedet","slug":"juomat-1/vedet/mehukivennaisvedet-ja-makuvedet","__typename":"HierarchyPathItem"},{"id":"Herkku_00000141","name":"Vedet","slug":"juomat-1/vedet","__typename":"HierarchyPathItem"},{"id":"Herkku_00000005","name":"Juomat","slug":"juomat-1","__typename":"HierarchyPathItem"}],"isGlobalFallback":null,"countryName":{"fi":"Suomi","__typename":"CountryName"}},{"id":"6419800051275","ean":"6419800051275","name":"OLVI Vichy kivennäisvesi 0,95 l kmp","price":1.99,"storeId":725782447,"__typename":"Product","approxPrice":false,"basicQuantityUnit":"KPL","comparisonPrice":1.88,"comparisonUnit":"LTR","consumerPackageSize":null,"consumerPackageUnit":null,"priceUnit":"KPL","quantityMultiplier":1,"brandName":"Olvi","slug":"olvi-vichy-kivennaisvesi-0-95-l-kmp","isAgeLimitedByAlcohol":false,"frozen":false,"packagingLabels":["Avainlippu"],"packagingLabelCodes":["MADE_IN_FINLAND_FLAG_WITH_KEY"],"hierarchyPath":[{"id":"Herkku_00000853","name":"Vichyt","slug":"juomat-1/vedet/vichyt","__typename":"HierarchyPathItem"},{"id":"Herkku_00000141","name":"Vedet","slug":"juomat-1/vedet","__typename":"HierarchyPathItem"},{"id":"Herkku_00000005","name":"Juomat","slug":"juomat-1","__typename":"HierarchyPathItem"}],"isGlobalFallback":null,"countryName":{"fi":"Suomi","__typename":"CountryName"}},{"id":"6419800051312","ean":"6419800051312","name":"KevytOlo Raikas kivennäisvesi 0,95 l kmp","price":1.99,"storeId":725782447,"__typename":"Product","approxPrice":false,"basicQuantityUnit":"KPL","comparisonPrice":1.88,"comparisonUnit":"LTR","consumerPackageSize":null,"consumerPackageUnit":null,"priceUnit":"KPL","quantityMultiplier":1,"brandName":"Olvi","slug":"kevytolo-raikas-kivennaisvesi-0-95-l-kmp","isAgeLimitedByAlcohol":false,"frozen":false,"packagingLabels":[],"packagingLabelCodes":[],"hierarchyPath":[{"id":"Herkku_00000852","name":"Kivennäisvedet","slug":"juomat-1/vedet/kivennaisvedet","__typename":"HierarchyPathItem"},{"id":"Herkku_00000141","name":"Vedet","slug":"juomat-1/vedet","__typename":"HierarchyPathItem"},{"id":"Herkku_00000005","name":"Juomat","slug":"juomat-1","__typename":"HierarchyPathItem"}],"isGlobalFallback":null,"countryName":{"fi":"Suomi","__typename":"CountryName"}},{"id":"6419800052647","ean":"6419800052647","name":"OLVI Vichy kivennäisvesi 1,65 l kmp","price":2.39,"storeId":725782447,"__typename":"Product","approxPrice":false,"basicQuantityUnit":"KPL","comparisonPrice":1.21,"comparisonUnit":"LTR","consumerPackageSize":null,"consumerPackageUnit":null,"priceUnit":"KPL","quantityMultiplier":1,"brandName":"Olvi","slug":"olvi-vichy-kivennaisvesi-1-65-l-kmp","isAgeLimitedByAlcohol":false,"frozen":false,"packagingLabels":["Avainlippu"],"packagingLabelCodes":["MADE_IN_FINLAND_FLAG_WITH_KEY"],"hierarchyPath":[{"id":"Herkku_00000853","name":"Vichyt","slug":"juomat-1/vedet/vichyt","__typename":"HierarchyPathItem"},{"id":"Herkku_00000141","name":"Vedet","slug":"juomat-1/vedet","__typename":"HierarchyPathItem"},{"id":"Herkku_00000005","name":"Juomat","slug":"juomat-1","__typename":"HierarchyPathItem"}],"isGlobalFallback":null,"countryName":{"fi":"Suomi","__typename":"CountryName"}},{"id":"6419800070382","ean":"6419800070382","name":"Fizz Original Dry 4,7% 0,5 l tlk","price":3.25,"storeId":725782447,"__typename":"Product","approxPrice":false,"basicQuantityUnit":"KPL","comparisonPrice":6.2,"comparisonUnit":"LTR","consumerPackageSize":null,"consumerPackageUnit":null,"priceUnit":"KPL","quantityMultiplier":1,"brandName":"Olvi","slug":"fizz-original-dry-4-7-0-5-l-tlk","isAgeLimitedByAlcohol":true,"frozen":false,"packagingLabels":[],"packagingLabelCodes":[],"hierarchyPath":[{"id":"1591691240635057","name":"Omenasiiderit","slug":"juomat-1/siiderit/omenasiiderit","__typename":"HierarchyPathItem"},{"id":"Herkku_00000133","name":"Siiderit","slug":"juomat-1/siiderit","__typename":"HierarchyPathItem"},{"id":"Herkku_00000005","name":"Juomat","slug":"juomat-1","__typename":"HierarchyPathItem"}],"isGlobalFallback":null,"countryName":{"fi":"Suomi","__typename":"CountryName"}},{"id":"6419800072775","ean":"6419800072775","name":"Fizz Brut Perry 5,5% 0,5 l tlk","price":3.55,"storeId":725782447,"__typename":"Product","approxPrice":false,"basicQuantityUnit":"KPL","comparisonPrice":6.8,"comparisonUnit":"LTR","consumerPackageSize":null,"consumerPackageUnit":null,"priceUnit":"KPL","quantityMultiplier":1,"brandName":"FIZZ","slug":"fizz-brut-perry-5-5-0-5-l-tlk","isAgeLimitedByAlcohol":true,"frozen":false,"packagingLabels":["Avainlippu"],"packagingLabelCodes":["MADE_IN_FINLAND_FLAG_WITH_KEY"],"hierarchyPath":[{"id":"1591691240635058","name":"Päärynäsiiderit","slug":"juomat-1/siiderit/paarynasiiderit","__typename":"HierarchyPathItem"},{"id":"Herkku_00000133","name":"Siiderit","slug":"juomat-1/siiderit","__typename":"HierarchyPathItem"},{"id":"Herkku_00000005","name":"Juomat","slug":"juomat-1","__typename":"HierarchyPathItem"}],"isGlobalFallback":null,"countryName":{"fi":"Suomi","__typename":"CountryName"}},{"id":"6419800080435","ean":"6419800080435","name":"OLVI Karpalolonkero 4,7 % 0,5 l tlk","price":3.39,"storeId":725782447,"__typename":"Product","approxPrice":false,"basicQuantityUnit":"KPL","comparisonPrice":6.48,"comparisonUnit":"LTR","consumerPackageSize":null,"consumerPackageUnit":null,"priceUnit":"KPL","quantityMultiplier":1,"brandName":"Olvi","slug":"olvi-karpalolonkero-4-7-0-5-l-tlk","isAgeLimitedByAlcohol":true,"frozen":false,"packagingLabels":["Avainlippu"],"packagingLabelCodes":["MADE_IN_FINLAND_FLAG_WITH_KEY"],"hierarchyPath":[{"id":"1591691240635051","name":"Maustetut lonkerot","slug":"juomat-1/lonkerot/maustetut-lonkerot","__typename":"HierarchyPathItem"},{"id":"Herkku_00000139","name":"Lonkerot","slug":"juomat-1/lonkerot","__typename":"HierarchyPathItem"},{"id":"Herkku_00000005","name":"Juomat","slug":"juomat-1","__typename":"HierarchyPathItem"}],"isGlobalFallback":null,"countryName":{"fi":"Suomi","__typename":"CountryName"}},{"id":"6419800081395","ean":"6419800081395","name":"A. Le Coq GIN&Grapefruit Long Drink 5,5% 0,33 l tlk","price":2.19,"storeId":725782447,"__typename":"Product","approxPrice":false,"basicQuantityUnit":"KPL","comparisonPrice":6.18,"comparisonUnit":"LTR","consumerPackageSize":null,"consumerPackageUnit":null,"priceUnit":"KPL","quantityMultiplier":1,"brandName":"A. Le Coq","slug":"a-le-coq-ginandgrapefruit-long-drink-5-5-0-33-l-tlk","isAgeLimitedByAlcohol":true,"frozen":false,"packagingLabels":["Kierrätysmerkki"],"packagingLabelCodes":["RECYCLABLE_GENERAL_CLAIM"],"hierarchyPath":[{"id":"1591691240635050","name":"Greippilonkerot","slug":"juomat-1/lonkerot/greippilonkerot","__typename":"HierarchyPathItem"},{"id":"Herkku_00000139","name":"Lonkerot","slug":"juomat-1/lonkerot","__typename":"HierarchyPathItem"},{"id":"Herkku_00000005","name":"Juomat","slug":"juomat-1","__typename":"HierarchyPathItem"}],"isGlobalFallback":null,"countryName":{"fi":"Suomi","__typename":"CountryName"}},{"id":"6419800081418","ean":"6419800081418","name":"6 x A. Le Coq GIN&Grapefruit Long Drink 5,5% 0,33 l tlk","price":13.14,"storeId":725782447,"__typename":"Product","approxPrice":false,"basicQuantityUnit":"KPL","comparisonPrice":6.18,"comparisonUnit":"LTR","consumerPackageSize":null,"consumerPackageUnit":null,"priceUnit":"KPL","quantityMultiplier":1,"brandName":"A. Le Coq","slug":"6-x-a-le-coq-ginandgrapefruit-long-drink-5-5-0-33-l-tlk","isAgeLimitedByAlcohol":true,"frozen":false,"packagingLabels":["Kierrätysmerkki"],"packagingLabelCodes":["RECYCLABLE_GENERAL_CLAIM"],"hierarchyPath":[{"id":"1591691240635050","name":"Greippilonkerot","slug":"juomat-1/lonkerot/greippilonkerot","__typename":"HierarchyPathItem"},{"id":"Herkku_00000139","name":"Lonkerot","slug":"juomat-1/lonkerot","__typename":"HierarchyPathItem"},{"id":"Herkku_00000005","name":"Juomat","slug":"juomat-1","__typename":"HierarchyPathItem"}],"isGlobalFallback":null,"countryName":{"fi":"Suomi","__typename":"CountryName"}},{"id":"6419800082507","ean":"6419800082507","name":"OLVI Hard Seltzer Mango-ananas 4,5 % 0,33 l tlk","price":2.35,"storeId":725782447,"__typename":"Product","approxPrice":false,"basicQuantityUnit":"KPL","comparisonPrice":6.67,"comparisonUnit":"LTR","consumerPackageSize":null,"consumerPackageUnit":null,"priceUnit":"KPL","quantityMultiplier":1,"brandName":"Olvi","slug":"olvi-hard-seltzer-mango-ananas-4-5-0-33-l-tlk","isAgeLimitedByAlcohol":true,"frozen":false,"packagingLabels":["Avainlippu"," Kierrätysmerkki"],"packagingLabelCodes":["MADE_IN_FINLAND_FLAG_WITH_KEY"," RECYCLABLE_GENERAL_CLAIM"],"hierarchyPath":[{"id":"Herkku_00000827","name":"Cocktailit","slug":"juomat-1/alkoholijuomasekoitukset/cocktailit","__typename":"HierarchyPathItem"},{"id":"Herkku_00000136","name":"Alkoholijuomasekoitukset","slug":"juomat-1/alkoholijuomasekoitukset","__typename":"HierarchyPathItem"},{"id":"Herkku_00000005","name":"Juomat","slug":"juomat-1","__typename":"HierarchyPathItem"}],"isGlobalFallback":null,"countryName":{"fi":"Suomi","__typename":"CountryName"}},{"id":"6419800082514","ean":"6419800082514","name":"OLVI Hard Seltzer Mansikka-raparperi 4,5% 0,33 l tlk","price":2.35,"storeId":725782447,"__typename":"Product","approxPrice":false,"basicQuantityUnit":"KPL","comparisonPrice":6.67,"comparisonUnit":"LTR","consumerPackageSize":null,"consumerPackageUnit":null,"priceUnit":"KPL","quantityMultiplier":1,"brandName":"Olvi","slug":"olvi-hard-seltzer-mansikka-raparperi-4-5-0-33-l-tlk","isAgeLimitedByAlcohol":true,"frozen":false,"packagingLabels":["Avainlippu"," Kierrätysmerkki"],"packagingLabelCodes":["MADE_IN_FINLAND_FLAG_WITH_KEY"," RECYCLABLE_GENERAL_CLAIM"],"hierarchyPath":[{"id":"Herkku_00000827","name":"Cocktailit","slug":"juomat-1/alkoholijuomasekoitukset/cocktailit","__typename":"HierarchyPathItem"},{"id":"Herkku_00000136","name":"Alkoholijuomasekoitukset","slug":"juomat-1/alkoholijuomasekoitukset","__typename":"HierarchyPathItem"},{"id":"Herkku_00000005","name":"Juomat","slug":"juomat-1","__typename":"HierarchyPathItem"}],"isGlobalFallback":null,"countryName":{"fi":"Suomi","__typename":"CountryName"}},{"id":"6419800082675","ean":"6419800082675","name":"OLVI Hard Seltzer Lemon-Lime 4,5% 0,33 l tlk","price":2.35,"storeId":725782447,"__typename":"Product","approxPrice":false,"basicQuantityUnit":"KPL","comparisonPrice":6.67,"comparisonUnit":"LTR","consumerPackageSize":null,"consumerPackageUnit":null,"priceUnit":"KPL","quantityMultiplier":1,"brandName":"Olvi","slug":"olvi-hard-seltzer-lemon-lime-4-5-0-33-l-tlk","isAgeLimitedByAlcohol":true,"frozen":false,"packagingLabels":["Avainlippu"],"packagingLabelCodes":["MADE_IN_FINLAND_FLAG_WITH_KEY"],"hierarchyPath":[{"id":"Herkku_00000828","name":"Cocktailit, kevyt","slug":"juomat-1/alkoholijuomasekoitukset/cocktailit-kevyt","__typename":"HierarchyPathItem"},{"id":"Herkku_00000136","name":"Alkoholijuomasekoitukset","slug":"juomat-1/alkoholijuomasekoitukset","__typename":"HierarchyPathItem"},{"id":"Herkku_00000005","name":"Juomat","slug":"juomat-1","__typename":"HierarchyPathItem"}],"isGlobalFallback":null,"countryName":{"fi":"Suomi","__typename":"CountryName"}},{"id":"6419800082743","ean":"6419800082743","name":"A. Le Coq GIN Blue Ice LD 5,5 % 0,33 l tlk","price":2.4899999999999998,"storeId":725782447,"__typename":"Product","approxPrice":false,"basicQuantityUnit":"KPL","comparisonPrice":7.09,"comparisonUnit":"LTR","consumerPackageSize":null,"consumerPackageUnit":null,"priceUnit":"KPL","quantityMultiplier":1,"brandName":"A. Le Coq","slug":"a-le-coq-gin-blue-ice-ld-5-5-0-33-l-tlk","isAgeLimitedByAlcohol":true,"frozen":false,"packagingLabels":[],"packagingLabelCodes":[],"hierarchyPath":[{"id":"1591691240635051","name":"Maustetut lonkerot","slug":"juomat-1/lonkerot/maustetut-lonkerot","__typename":"HierarchyPathItem"},{"id":"Herkku_00000139","name":"Lonkerot","slug":"juomat-1/lonkerot","__typename":"HierarchyPathItem"},{"id":"Herkku_00000005","name":"Juomat","slug":"juomat-1","__typename":"HierarchyPathItem"}],"isGlobalFallback":null,"countryName":{"fi":"Suomi","__typename":"CountryName"}},{"id":"6419800082774","ean":"6419800082774","name":"OLVI Hard Seltzer Ginger & Apple 4,5% 0,33 l tlk","price":2.35,"storeId":725782447,"__typename":"Product","approxPrice":false,"basicQuantityUnit":"KPL","comparisonPrice":6.67,"comparisonUnit":"LTR","consumerPackageSize":null,"consumerPackageUnit":null,"priceUnit":"KPL","quantityMultiplier":1,"brandName":"Olvi","slug":"olvi-hard-seltzer-ginger-and-apple-4-5-0-33-l-tlk","isAgeLimitedByAlcohol":true,"frozen":false,"packagingLabels":[],"packagingLabelCodes":[],"hierarchyPath":[{"id":"Herkku_00000827","name":"Cocktailit","slug":"juomat-1/alkoholijuomasekoitukset/cocktailit","__typename":"HierarchyPathItem"},{"id":"Herkku_00000136","name":"Alkoholijuomasekoitukset","slug":"juomat-1/alkoholijuomasekoitukset","__typename":"HierarchyPathItem"},{"id":"Herkku_00000005","name":"Juomat","slug":"juomat-1","__typename":"HierarchyPathItem"}],"isGlobalFallback":null,"countryName":{"fi":"Suomi","__typename":"CountryName"}},{"id":"6419800120698","ean":"6419800120698","name":"TEHO Sport Appelsiini-suklaa palautusjuoma 0,33 l","price":2.45,"storeId":725782447,"__typename":"Product","approxPrice":false,"basicQuantityUnit":"KPL","comparisonPrice":7.42,"comparisonUnit":"LTR","consumerPackageSize":null,"consumerPackageUnit":null,"priceUnit":"KPL","quantityMultiplier":1,"brandName":"Teho","slug":"teho-sport-appelsiini-suklaa-palautusjuoma-0-33-l","isAgeLimitedByAlcohol":false,"frozen":false,"packagingLabels":[],"packagingLabelCodes":[],"hierarchyPath":[{"id":"Herkku_00000973","name":"Maitopohjaiset proteiinijuomat","slug":"luontaistuotteet-ja-lisaravinteet-1/urheiluravinnejuomat/maitopohjaiset-proteiinijuomat","__typename":"HierarchyPathItem"},{"id":"Herkku_00000158","name":"Urheiluravinnejuomat","slug":"luontaistuotteet-ja-lisaravinteet-1/urheiluravinnejuomat","__typename":"HierarchyPathItem"},{"id":"Herkku_00000016","name":"Luontaistuotteet ja lisäravinteet","slug":"luontaistuotteet-ja-lisaravinteet-1","__typename":"HierarchyPathItem"}],"isGlobalFallback":null,"countryName":{"fi":"Suomi","__typename":"CountryName"}},{"id":"6419800120742","ean":"6419800120742","name":"TEHO Sport Mokka+kofeiini palautusjuoma 0,33 l","price":2.45,"storeId":725782447,"__typename":"Product","approxPrice":false,"basicQuantityUnit":"KPL","comparisonPrice":7.42,"comparisonUnit":"LTR","consumerPackageSize":null,"consumerPackageUnit":null,"priceUnit":"KPL","quantityMultiplier":1,"brandName":"Teho","slug":"teho-sport-mokkakofeiini-palautusjuoma-0-33-l","isAgeLimitedByAlcohol":false,"frozen":false,"packagingLabels":["Avainlippu"],"packagingLabelCodes":["MADE_IN_FINLAND_FLAG_WITH_KEY"],"hierarchyPath":[{"id":"Herkku_00000973","name":"Maitopohjaiset proteiinijuomat","slug":"luontaistuotteet-ja-lisaravinteet-1/urheiluravinnejuomat/maitopohjaiset-proteiinijuomat","__typename":"HierarchyPathItem"},{"id":"Herkku_00000158","name":"Urheiluravinnejuomat","slug":"luontaistuotteet-ja-lisaravinteet-1/urheiluravinnejuomat","__typename":"HierarchyPathItem"},{"id":"Herkku_00000016","name":"Luontaistuotteet ja lisäravinteet","slug":"luontaistuotteet-ja-lisaravinteet-1","__typename":"HierarchyPathItem"}],"isGlobalFallback":null,"countryName":{"fi":"Suomi","__typename":"CountryName"}},{"id":"6419800121244","ean":"6419800121244","name":"TEHO Sport palautusjuoma voimaharjoitteluun mansikka 0,33 l","price":2.45,"storeId":725782447,"__typename":"Product","approxPrice":false,"basicQuantityUnit":"KPL","comparisonPrice":7.42,"comparisonUnit":"LTR","consumerPackageSize":null,"consumerPackageUnit":null,"priceUnit":"KPL","quantityMultiplier":1,"brandName":"Teho","slug":"teho-sport-palautusjuoma-voimaharjoitteluun-mansikka-0-33-l","isAgeLimitedByAlcohol":false,"frozen":false,"packagingLabels":["Avainlippu"],"packagingLabelCodes":["MADE_IN_FINLAND_FLAG_WITH_KEY"],"hierarchyPath":[{"id":"Herkku_00000973","name":"Maitopohjaiset proteiinijuomat","slug":"luontaistuotteet-ja-lisaravinteet-1/urheiluravinnejuomat/maitopohjaiset-proteiinijuomat","__typename":"HierarchyPathItem"},{"id":"Herkku_00000158","name":"Urheiluravinnejuomat","slug":"luontaistuotteet-ja-lisaravinteet-1/urheiluravinnejuomat","__typename":"HierarchyPathItem"},{"id":"Herkku_00000016","name":"Luontaistuotteet ja lisäravinteet","slug":"luontaistuotteet-ja-lisaravinteet-1","__typename":"HierarchyPathItem"}],"isGlobalFallback":null,"countryName":{"fi":"Suomi","__typename":"CountryName"}},{"id":"6419800121251","ean":"6419800121251","name":"TEHO Sport palautusjuoma voimaharjoitteluun suklaa 0,33 l","price":2.45,"storeId":725782447,"__typename":"Product","approxPrice":false,"basicQuantityUnit":"KPL","comparisonPrice":7.42,"comparisonUnit":"LTR","consumerPackageSize":null,"consumerPackageUnit":null,"priceUnit":"KPL","quantityMultiplier":1,"brandName":"Teho","slug":"teho-sport-palautusjuoma-voimaharjoitteluun-suklaa-0-33-l","isAgeLimitedByAlcohol":false,"frozen":false,"packagingLabels":["Avainlippu"],"packagingLabelCodes":["MADE_IN_FINLAND_FLAG_WITH_KEY"],"hierarchyPath":[{"id":"Herkku_00000973","name":"Maitopohjaiset proteiinijuomat","slug":"luontaistuotteet-ja-lisaravinteet-1/urheiluravinnejuomat/maitopohjaiset-proteiinijuomat","__typename":"HierarchyPathItem"},{"id":"Herkku_00000158","name":"Urheiluravinnejuomat","slug":"luontaistuotteet-ja-lisaravinteet-1/urheiluravinnejuomat","__typename":"HierarchyPathItem"},{"id":"Herkku_00000016","name":"Luontaistuotteet ja lisäravinteet","slug":"luontaistuotteet-ja-lisaravinteet-1","__typename":"HierarchyPathItem"}],"isGlobalFallback":null,"countryName":{"fi":"Suomi","__typename":"CountryName"}},{"id":"6419800121305","ean":"6419800121305","name":"TEHO Sport palautusjuoma banaani-suklaa 0,33 l","price":2.45,"storeId":725782447,"__typename":"Product","approxPrice":false,"basicQuantityUnit":"KPL","comparisonPrice":7.42,"comparisonUnit":"LTR","consumerPackageSize":null,"consumerPackageUnit":null,"priceUnit":"KPL","quantityMultiplier":1,"brandName":"Teho","slug":"teho-sport-palautusjuoma-banaani-suklaa-0-33-l","isAgeLimitedByAlcohol":false,"frozen":false,"packagingLabels":["Avainlippu"],"packagingLabelCodes":["MADE_IN_FINLAND_FLAG_WITH_KEY"],"hierarchyPath":[{"id":"Herkku_00000973","name":"Maitopohjaiset proteiinijuomat","slug":"luontaistuotteet-ja-lisaravinteet-1/urheiluravinnejuomat/maitopohjaiset-proteiinijuomat","__typename":"HierarchyPathItem"},{"id":"Herkku_00000158","name":"Urheiluravinnejuomat","slug":"luontaistuotteet-ja-lisaravinteet-1/urheiluravinnejuomat","__typename":"HierarchyPathItem"},{"id":"Herkku_00000016","name":"Luontaistuotteet ja lisäravinteet","slug":"luontaistuotteet-ja-lisaravinteet-1","__typename":"HierarchyPathItem"}],"isGlobalFallback":null,"countryName":{"fi":"Suomi","__typename":"CountryName"}},{"id":"6419800121398","ean":"6419800121398","name":"TEHO Sport palautusjuoma Suklaa + kreatiini 0,33 l","price":2.45,"storeId":725782447,"__typename":"Product","approxPrice":false,"basicQuantityUnit":"KPL","comparisonPrice":7.42,"comparisonUnit":"LTR","consumerPackageSize":null,"consumerPackageUnit":null,"priceUnit":"KPL","quantityMultiplier":1,"brandName":"Teho","slug":"teho-sport-palautusjuoma-suklaa-kreatiini-0-33-l","isAgeLimitedByAlcohol":false,"frozen":false,"packagingLabels":["Avainlippu"],"packagingLabelCodes":["MADE_IN_FINLAND_FLAG_WITH_KEY"],"hierarchyPath":[{"id":"Herkku_00000973","name":"Maitopohjaiset proteiinijuomat","slug":"luontaistuotteet-ja-lisaravinteet-1/urheiluravinnejuomat/maitopohjaiset-proteiinijuomat","__typename":"HierarchyPathItem"},{"id":"Herkku_00000158","name":"Urheiluravinnejuomat","slug":"luontaistuotteet-ja-lisaravinteet-1/urheiluravinnejuomat","__typename":"HierarchyPathItem"},{"id":"Herkku_00000016","name":"Luontaistuotteet ja lisäravinteet","slug":"luontaistuotteet-ja-lisaravinteet-1","__typename":"HierarchyPathItem"}],"isGlobalFallback":null,"countryName":{"fi":"Suomi","__typename":"CountryName"}},{"id":"6419800121442","ean":"6419800121442","name":"TEHO Sport ei lisättyä sokeria Toffee palautusjuoma 0,33 l","price":2.45,"storeId":725782447,"__typename":"Product","approxPrice":false,"basicQuantityUnit":"KPL","comparisonPrice":7.42,"comparisonUnit":"LTR","consumerPackageSize":null,"consumerPackageUnit":null,"priceUnit":"KPL","quantityMultiplier":1,"brandName":"Teho","slug":"teho-sport-ei-lisattya-sokeria-toffee-palautusjuoma-0-33-l","isAgeLimitedByAlcohol":false,"frozen":false,"packagingLabels":["Avainlippu"],"packagingLabelCodes":["MADE_IN_FINLAND_FLAG_WITH_KEY"],"hierarchyPath":[{"id":"Herkku_00000973","name":"Maitopohjaiset proteiinijuomat","slug":"luontaistuotteet-ja-lisaravinteet-1/urheiluravinnejuomat/maitopohjaiset-proteiinijuomat","__typename":"HierarchyPathItem"},{"id":"Herkku_00000158","name":"Urheiluravinnejuomat","slug":"luontaistuotteet-ja-lisaravinteet-1/urheiluravinnejuomat","__typename":"HierarchyPathItem"},{"id":"Herkku_00000016","name":"Luontaistuotteet ja lisäravinteet","slug":"luontaistuotteet-ja-lisaravinteet-1","__typename":"HierarchyPathItem"}],"isGlobalFallback":null,"countryName":{"fi":"Suomi","__typename":"CountryName"}},{"id":"6419802021238","ean":"6419802021238","name":"18 x Sandels 4,7 % olut 0,33 l tlk salkku","price":26.46,"storeId":725782447,"__typename":"Product","approxPrice":false,"basicQuantityUnit":"KPL","comparisonPrice":4,"comparisonUnit":"LTR","consumerPackageSize":null,"consumerPackageUnit":null,"priceUnit":"KPL","quantityMultiplier":1,"brandName":"Sandels","slug":"18-x-sandels-4-7-olut-0-33-l-tlk-salkku","isAgeLimitedByAlcohol":true,"frozen":false,"packagingLabels":["Avainlippu"],"packagingLabelCodes":["MADE_IN_FINLAND_FLAG_WITH_KEY"],"hierarchyPath":[{"id":"Herkku_00000818","name":"Vaalea lager olut","slug":"juomat-1/oluet/vaalea-lager-olut","__typename":"HierarchyPathItem"},{"id":"Herkku_00000135","name":"Oluet","slug":"juomat-1/oluet","__typename":"HierarchyPathItem"},{"id":"Herkku_00000005","name":"Juomat","slug":"juomat-1","__typename":"HierarchyPathItem"}],"isGlobalFallback":null,"countryName":{"fi":"Suomi","__typename":"CountryName"}},{"id":"6419802022136","ean":"6419802022136","name":"24 x A. Le Coq Premium 4,5% olut 0,33 l tlk salkku","price":31.200000000000003,"storeId":725782447,"__typename":"Product","approxPrice":false,"basicQuantityUnit":"KPL","comparisonPrice":3.48,"comparisonUnit":"LTR","consumerPackageSize":null,"consumerPackageUnit":null,"priceUnit":"KPL","quantityMultiplier":1,"brandName":"A. Le Coq","slug":"24-x-a-le-coq-premium-4-5-olut-0-33-l-tlk-salkku","isAgeLimitedByAlcohol":true,"frozen":false,"packagingLabels":[],"packagingLabelCodes":[],"hierarchyPath":[{"id":"Herkku_00000818","name":"Vaalea lager olut","slug":"juomat-1/oluet/vaalea-lager-olut","__typename":"HierarchyPathItem"},{"id":"Herkku_00000135","name":"Oluet","slug":"juomat-1/oluet","__typename":"HierarchyPathItem"},{"id":"Herkku_00000005","name":"Juomat","slug":"juomat-1","__typename":"HierarchyPathItem"}],"isGlobalFallback":null,"countryName":{"fi":"Suomi","__typename":"CountryName"}},{"id":"6419806082747","ean":"6419806082747","name":"6xA. Le Coq GIN Blue Ice LD 5,5 % 0,33 l tlk","price":14.94,"storeId":725782447,"__typename":"Product","approxPrice":false,"basicQuantityUnit":"KPL","comparisonPrice":7.09,"comparisonUnit":"LTR","consumerPackageSize":null,"consumerPackageUnit":null,"priceUnit":"KPL","quantityMultiplier":1,"brandName":"A. Le Coq","slug":"6xa-le-coq-gin-blue-ice-ld-5-5-0-33-l-tlk","isAgeLimitedByAlcohol":true,"frozen":false,"packagingLabels":[],"packagingLabelCodes":[],"hierarchyPath":[{"id":"1591691240635051","name":"Maustetut lonkerot","slug":"juomat-1/lonkerot/maustetut-lonkerot","__typename":"HierarchyPathItem"},{"id":"Herkku_00000139","name":"Lonkerot","slug":"juomat-1/lonkerot","__typename":"HierarchyPathItem"},{"id":"Herkku_00000005","name":"Juomat","slug":"juomat-1","__typename":"HierarchyPathItem"}],"isGlobalFallback":null,"countryName":{"fi":"Suomi","__typename":"CountryName"}},{"id":"6419811101709","ean":"6419811101709","name":"Fazer Alku Kaurasydän muro 400 g","price":5.19,"storeId":725782447,"__typename":"Product","approxPrice":false,"basicQuantityUnit":"KPL","comparisonPrice":12.98,"comparisonUnit":"KGM","consumerPackageSize":null,"consumerPackageUnit":null,"priceUnit":"KPL","quantityMultiplier":1,"brandName":"Fazer","slug":"fazer-alku-kaurasydan-muro-400-g","isAgeLimitedByAlcohol":false,"frozen":false,"packagingLabels":["Kierrätysmerkki"," Sydänmerkki"],"packagingLabelCodes":["FINNISH_HEART_SYMBOL"," RECYCLABLE_GENERAL_CLAIM"],"hierarchyPath":[{"id":"Herkku_00000316","name":"Murot","slug":"kuivatuotteet-ja-leivonta-1/hiutaleet-murot-ja-myslit/murot","__typename":"HierarchyPathItem"},{"id":"Herkku_00000053","name":"Hiutaleet, murot ja myslit","slug":"kuivatuotteet-ja-leivonta-1/hiutaleet-murot-ja-myslit","__typename":"HierarchyPathItem"},{"id":"Herkku_00000007","name":"Kuivatuotteet ja leivonta","slug":"kuivatuotteet-ja-leivonta-1","__typename":"HierarchyPathItem"}],"isGlobalFallback":null,"countryName":{"fi":"Ruotsi","__typename":"CountryName"}},{"id":"6419811108203","ean":"6419811108203","name":"Fazer Willja Ruokakaura 650 g","price":2.79,"storeId":725782447,"__typename":"Product","approxPrice":false,"basicQuantityUnit":"KPL","comparisonPrice":4.29,"comparisonUnit":"KGM","consumerPackageSize":null,"consumerPackageUnit":null,"priceUnit":"KPL","quantityMultiplier":1,"brandName":"Fazer Willja","slug":"fazer-willja-ruokakaura-650-g","isAgeLimitedByAlcohol":false,"frozen":false,"packagingLabels":["Hyvää Suomesta (Sininen Joutsen)"," Kierrätysmerkki"," Sydänmerkki"],"packagingLabelCodes":["FINNISH_HEART_SYMBOL"," GOODS_FROM_FINLAND_BLUE_SWAN"," RECYCLABLE_GENERAL_CLAIM"],"hierarchyPath":[{"id":"Herkku_00000484","name":"Muut viljapohjaiset aterialisäkkeet","slug":"kuivatuotteet-ja-leivonta-1/riisit-pastat-ja-nuudelit/muut-viljapohjaiset-aterialisakkeet","__typename":"HierarchyPathItem"},{"id":"Herkku_00000088","name":"Riisit, pastat ja nuudelit","slug":"kuivatuotteet-ja-leivonta-1/riisit-pastat-ja-nuudelit","__typename":"HierarchyPathItem"},{"id":"Herkku_00000007","name":"Kuivatuotteet ja leivonta","slug":"kuivatuotteet-ja-leivonta-1","__typename":"HierarchyPathItem"}],"isGlobalFallback":null,"countryName":{"fi":"Suomi","__typename":"CountryName"}},{"id":"6419811111104","ean":"6419811111104","name":"Dumle granola 375 g","price":6.69,"storeId":725782447,"__typename":"Product","approxPrice":false,"basicQuantityUnit":"KPL","comparisonPrice":17.84,"comparisonUnit":"KGM","consumerPackageSize":null,"consumerPackageUnit":null,"priceUnit":"KPL","quantityMultiplier":1,"brandName":"Fazer","slug":"dumle-granola-375-g","isAgeLimitedByAlcohol":false,"frozen":false,"packagingLabels":["Kierrätysmerkki"],"packagingLabelCodes":["RECYCLABLE_GENERAL_CLAIM"],"hierarchyPath":[{"id":"Herkku_00000317","name":"Myslit","slug":"kuivatuotteet-ja-leivonta-1/hiutaleet-murot-ja-myslit/myslit","__typename":"HierarchyPathItem"},{"id":"Herkku_00000053","name":"Hiutaleet, murot ja myslit","slug":"kuivatuotteet-ja-leivonta-1/hiutaleet-murot-ja-myslit","__typename":"HierarchyPathItem"},{"id":"Herkku_00000007","name":"Kuivatuotteet ja leivonta","slug":"kuivatuotteet-ja-leivonta-1","__typename":"HierarchyPathItem"}],"isGlobalFallback":null,"countryName":{"fi":"Latvia","__typename":"CountryName"}},{"id":"6419811111609","ean":"6419811111609","name":"Fazer Pihlaja 280 g hedelmävalmiste","price":4.25,"storeId":725782447,"__typename":"Product","approxPrice":false,"basicQuantityUnit":"KPL","comparisonPrice":15.18,"comparisonUnit":"KGM","consumerPackageSize":null,"consumerPackageUnit":null,"priceUnit":"KPL","quantityMultiplier":1,"brandName":"Fazer","slug":"fazer-pihlaja-280-g-hedelmavalmiste","isAgeLimitedByAlcohol":false,"frozen":false,"packagingLabels":[],"packagingLabelCodes":[],"hierarchyPath":[{"id":"Herkku_00000355","name":"Marmeladit","slug":"kuivatuotteet-ja-leivonta-1/hillot-ja-marmeladit/marmeladit","__typename":"HierarchyPathItem"},{"id":"Herkku_00000064","name":"Hillot ja marmeladit","slug":"kuivatuotteet-ja-leivonta-1/hillot-ja-marmeladit","__typename":"HierarchyPathItem"},{"id":"Herkku_00000007","name":"Kuivatuotteet ja leivonta","slug":"kuivatuotteet-ja-leivonta-1","__typename":"HierarchyPathItem"}],"isGlobalFallback":null,"countryName":{"fi":"Suomi","__typename":"CountryName"}},{"id":"6420059006619","ean":"6420059006619","name":"BBQ Kana Pekoni Sandwich","price":3.95,"storeId":725782447,"__typename":"Product","approxPrice":false,"basicQuantityUnit":"KPL","comparisonPrice":19.75,"comparisonUnit":"KGM","consumerPackageSize":null,"consumerPackageUnit":null,"priceUnit":"KPL","quantityMultiplier":1,"brandName":null,"slug":"bbq-kana-pekoni-sandwich","isAgeLimitedByAlcohol":false,"frozen":false,"packagingLabels":[],"packagingLabelCodes":[],"hierarchyPath":[{"id":"1591691237218566","name":"Leivät, paninit ja wrapit","slug":"valmisruoka-1/valmisateriat-ja-keitot/leivat-paninit-ja-wrapit","__typename":"HierarchyPathItem"},{"id":"1591691237074396","name":"Valmisateriat ja -keitot","slug":"valmisruoka-1/valmisateriat-ja-keitot","__typename":"HierarchyPathItem"},{"id":"StructureGroup_1356670909914497","name":"Valmisruoka","slug":"valmisruoka-1","__typename":"HierarchyPathItem"}],"isGlobalFallback":null,"countryName":{"fi":"Suomi","__typename":"CountryName"}},{"id":"6420059006626","ean":"6420059006626","name":"Mozzarella Basilika Sandwich","price":3.95,"storeId":725782447,"__typename":"Product","approxPrice":false,"basicQuantityUnit":"KPL","comparisonPrice":20.26,"comparisonUnit":"KGM","consumerPackageSize":null,"consumerPackageUnit":null,"priceUnit":"KPL","quantityMultiplier":1,"brandName":null,"slug":"mozzarella-basilika-sandwich","isAgeLimitedByAlcohol":false,"frozen":false,"packagingLabels":[],"packagingLabelCodes":[],"hierarchyPath":[{"id":"1591691237218566","name":"Leivät, paninit ja wrapit","slug":"valmisruoka-1/valmisateriat-ja-keitot/leivat-paninit-ja-wrapit","__typename":"HierarchyPathItem"},{"id":"1591691237074396","name":"Valmisateriat ja -keitot","slug":"valmisruoka-1/valmisateriat-ja-keitot","__typename":"HierarchyPathItem"},{"id":"StructureGroup_1356670909914497","name":"Valmisruoka","slug":"valmisruoka-1","__typename":"HierarchyPathItem"}],"isGlobalFallback":null,"countryName":{"fi":"Suomi","__typename":"CountryName"}},{"id":"6420059006633","ean":"6420059006633","name":"Salami Cheddar Sandwich","price":3.95,"storeId":725782447,"__typename":"Product","approxPrice":false,"basicQuantityUnit":"KPL","comparisonPrice":19.75,"comparisonUnit":"KGM","consumerPackageSize":null,"consumerPackageUnit":null,"priceUnit":"KPL","quantityMultiplier":1,"brandName":null,"slug":"salami-cheddar-sandwich","isAgeLimitedByAlcohol":false,"frozen":false,"packagingLabels":[],"packagingLabelCodes":[],"hierarchyPath":[{"id":"1591691237218566","name":"Leivät, paninit ja wrapit","slug":"valmisruoka-1/valmisateriat-ja-keitot/leivat-paninit-ja-wrapit","__typename":"HierarchyPathItem"},{"id":"1591691237074396","name":"Valmisateriat ja -keitot","slug":"valmisruoka-1/valmisateriat-ja-keitot","__typename":"HierarchyPathItem"},{"id":"StructureGroup_1356670909914497","name":"Valmisruoka","slug":"valmisruoka-1","__typename":"HierarchyPathItem"}],"isGlobalFallback":null,"countryName":{"fi":"Suomi","__typename":"CountryName"}},{"id":"6420059006640","ean":"6420059006640","name":"Savuchili Pulled Pork Sandwich","price":3.95,"storeId":725782447,"__typename":"Product","approxPrice":false,"basicQuantityUnit":"KPL","comparisonPrice":20.79,"comparisonUnit":"KGM","consumerPackageSize":null,"consumerPackageUnit":null,"priceUnit":"KPL","quantityMultiplier":1,"brandName":null,"slug":"savuchili-pulled-pork-sandwich","isAgeLimitedByAlcohol":false,"frozen":false,"packagingLabels":[],"packagingLabelCodes":[],"hierarchyPath":[{"id":"1591691237218566","name":"Leivät, paninit ja wrapit","slug":"valmisruoka-1/valmisateriat-ja-keitot/leivat-paninit-ja-wrapit","__typename":"HierarchyPathItem"},{"id":"1591691237074396","name":"Valmisateriat ja -keitot","slug":"valmisruoka-1/valmisateriat-ja-keitot","__typename":"HierarchyPathItem"},{"id":"StructureGroup_1356670909914497","name":"Valmisruoka","slug":"valmisruoka-1","__typename":"HierarchyPathItem"}],"isGlobalFallback":null,"countryName":{"fi":"Suomi","__typename":"CountryName"}},{"id":"6420059006695","ean":"6420059006695","name":"BBQ Pulled Pork Wrap","price":3.95,"storeId":725782447,"__typename":"Product","approxPrice":false,"basicQuantityUnit":"KPL","comparisonPrice":20.79,"comparisonUnit":"KGM","consumerPackageSize":null,"consumerPackageUnit":null,"priceUnit":"KPL","quantityMultiplier":1,"brandName":null,"slug":"bbq-pulled-pork-wrap","isAgeLimitedByAlcohol":false,"frozen":false,"packagingLabels":[],"packagingLabelCodes":[],"hierarchyPath":[{"id":"1591691237218566","name":"Leivät, paninit ja wrapit","slug":"valmisruoka-1/valmisateriat-ja-keitot/leivat-paninit-ja-wrapit","__typename":"HierarchyPathItem"},{"id":"1591691237074396","name":"Valmisateriat ja -keitot","slug":"valmisruoka-1/valmisateriat-ja-keitot","__typename":"HierarchyPathItem"},{"id":"StructureGroup_1356670909914497","name":"Valmisruoka","slug":"valmisruoka-1","__typename":"HierarchyPathItem"}],"isGlobalFallback":null,"countryName":{"fi":"Suomi","__typename":"CountryName"}},{"id":"6420059006718","ean":"6420059006718","name":"Savulohi Wrap","price":4.45,"storeId":725782447,"__typename":"Product","approxPrice":false,"basicQuantityUnit":"KPL","comparisonPrice":26.18,"comparisonUnit":"KGM","consumerPackageSize":null,"consumerPackageUnit":null,"priceUnit":"KPL","quantityMultiplier":1,"brandName":null,"slug":"savulohi-wrap","isAgeLimitedByAlcohol":false,"frozen":false,"packagingLabels":[],"packagingLabelCodes":[],"hierarchyPath":[{"id":"1591691237218566","name":"Leivät, paninit ja wrapit","slug":"valmisruoka-1/valmisateriat-ja-keitot/leivat-paninit-ja-wrapit","__typename":"HierarchyPathItem"},{"id":"1591691237074396","name":"Valmisateriat ja -keitot","slug":"valmisruoka-1/valmisateriat-ja-keitot","__typename":"HierarchyPathItem"},{"id":"StructureGroup_1356670909914497","name":"Valmisruoka","slug":"valmisruoka-1","__typename":"HierarchyPathItem"}],"isGlobalFallback":null,"countryName":{"fi":"Suomi","__typename":"CountryName"}},{"id":"6420059006725","ean":"6420059006725","name":"Texas Pete Kana Wrap","price":3.95,"storeId":725782447,"__typename":"Product","approxPrice":false,"basicQuantityUnit":"KPL","comparisonPrice":21.94,"comparisonUnit":"KGM","consumerPackageSize":null,"consumerPackageUnit":null,"priceUnit":"KPL","quantityMultiplier":1,"brandName":null,"slug":"texas-pete-kana-wrap","isAgeLimitedByAlcohol":false,"frozen":false,"packagingLabels":[],"packagingLabelCodes":[],"hierarchyPath":[{"id":"1591691237218566","name":"Leivät, paninit ja wrapit","slug":"valmisruoka-1/valmisateriat-ja-keitot/leivat-paninit-ja-wrapit","__typename":"HierarchyPathItem"},{"id":"1591691237074396","name":"Valmisateriat ja -keitot","slug":"valmisruoka-1/valmisateriat-ja-keitot","__typename":"HierarchyPathItem"},{"id":"StructureGroup_1356670909914497","name":"Valmisruoka","slug":"valmisruoka-1","__typename":"HierarchyPathItem"}],"isGlobalFallback":null,"countryName":{"fi":"Suomi","__typename":"CountryName"}},{"id":"6420059006749","ean":"6420059006749","name":"Sweet Chili Tonnikala Wrap","price":3.95,"storeId":725782447,"__typename":"Product","approxPrice":false,"basicQuantityUnit":"KPL","comparisonPrice":21.35,"comparisonUnit":"KGM","consumerPackageSize":null,"consumerPackageUnit":null,"priceUnit":"KPL","quantityMultiplier":1,"brandName":null,"slug":"sweet-chili-tonnikala-wrap","isAgeLimitedByAlcohol":false,"frozen":false,"packagingLabels":[],"packagingLabelCodes":[],"hierarchyPath":[{"id":"1591691237218566","name":"Leivät, paninit ja wrapit","slug":"valmisruoka-1/valmisateriat-ja-keitot/leivat-paninit-ja-wrapit","__typename":"HierarchyPathItem"},{"id":"1591691237074396","name":"Valmisateriat ja -keitot","slug":"valmisruoka-1/valmisateriat-ja-keitot","__typename":"HierarchyPathItem"},{"id":"StructureGroup_1356670909914497","name":"Valmisruoka","slug":"valmisruoka-1","__typename":"HierarchyPathItem"}],"isGlobalFallback":null,"countryName":{"fi":"Suomi","__typename":"CountryName"}},{"id":"6420101145549","ean":"6420101145549","name":"Kulta Katriina Tumma paahto suodatinkahvi RAC 500g","price":6.35,"storeId":725782447,"__typename":"Product","approxPrice":false,"basicQuantityUnit":"KPL","comparisonPrice":12.7,"comparisonUnit":"KGM","consumerPackageSize":null,"consumerPackageUnit":null,"priceUnit":"KPL","quantityMultiplier":1,"brandName":"Meira","slug":"kulta-katriina-tumma-paahto-suodatinkahvi-rac-500g","isAgeLimitedByAlcohol":false,"frozen":false,"packagingLabels":["Rainforest alliance certified (Sammakko-merkki)"],"packagingLabelCodes":["RAINFOREST_ALLIANCE"],"hierarchyPath":[{"id":"1591691224561855","name":"Kahvit","slug":"juomat-1/kahvit-ja-suodatinpaperit/kahvit","__typename":"HierarchyPathItem"},{"id":"Herkku_00000089","name":"Kahvit ja suodatinpaperit","slug":"juomat-1/kahvit-ja-suodatinpaperit","__typename":"HierarchyPathItem"},{"id":"Herkku_00000005","name":"Juomat","slug":"juomat-1","__typename":"HierarchyPathItem"}],"isGlobalFallback":null,"countryName":{"fi":"Suomi","__typename":"CountryName"}},{"id":"6420101146447","ean":"6420101146447","name":"Kulta Katriina Luomu suodatinkahvi RAC 450g","price":6.35,"storeId":725782447,"__typename":"Product","approxPrice":false,"basicQuantityUnit":"KPL","comparisonPrice":14.11,"comparisonUnit":"KGM","consumerPackageSize":null,"consumerPackageUnit":null,"priceUnit":"KPL","quantityMultiplier":1,"brandName":"Meira","slug":"kulta-katriina-luomu-suodatinkahvi-rac-450g","isAgeLimitedByAlcohol":false,"frozen":false,"packagingLabels":["EU:n luomutunnus (lehti)"," Rainforest alliance certified (Sammakko-merkki)"],"packagingLabelCodes":["EU_ORGANIC_FARMING"," RAINFOREST_ALLIANCE"],"hierarchyPath":[{"id":"1591691224561855","name":"Kahvit","slug":"juomat-1/kahvit-ja-suodatinpaperit/kahvit","__typename":"HierarchyPathItem"},{"id":"Herkku_00000089","name":"Kahvit ja suodatinpaperit","slug":"juomat-1/kahvit-ja-suodatinpaperit","__typename":"HierarchyPathItem"},{"id":"Herkku_00000005","name":"Juomat","slug":"juomat-1","__typename":"HierarchyPathItem"}],"isGlobalFallback":null,"countryName":{"fi":"Suomi","__typename":"CountryName"}},{"id":"6420101257204","ean":"6420101257204","name":"Kulta Katriina Pikakahvi RAC 100g","price":3.99,"storeId":725782447,"__typename":"Product","approxPrice":false,"basicQuantityUnit":"KPL","comparisonPrice":39.9,"comparisonUnit":"KGM","consumerPackageSize":null,"consumerPackageUnit":null,"priceUnit":"KPL","quantityMultiplier":1,"brandName":"Meira","slug":"kulta-katriina-pikakahvi-rac-100g","isAgeLimitedByAlcohol":false,"frozen":false,"packagingLabels":["Rainforest alliance certified (Sammakko-merkki)"],"packagingLabelCodes":["RAINFOREST_ALLIANCE"],"hierarchyPath":[{"id":"1591691250893282","name":"Pikakahvit","slug":"juomat-1/kahvit-ja-suodatinpaperit/pikakahvit","__typename":"HierarchyPathItem"},{"id":"Herkku_00000089","name":"Kahvit ja suodatinpaperit","slug":"juomat-1/kahvit-ja-suodatinpaperit","__typename":"HierarchyPathItem"},{"id":"Herkku_00000005","name":"Juomat","slug":"juomat-1","__typename":"HierarchyPathItem"}],"isGlobalFallback":null,"countryName":{"fi":"Saksa","__typename":"CountryName"}},{"id":"6420101441542","ean":"6420101441542","name":"Kulta Katriina Perinteinen suodatinkahvi 500g","price":6.35,"storeId":725782447,"__typename":"Product","approxPrice":false,"basicQuantityUnit":"KPL","comparisonPrice":12.7,"comparisonUnit":"KGM","consumerPackageSize":null,"consumerPackageUnit":null,"priceUnit":"KPL","quantityMultiplier":1,"brandName":"Meira","slug":"kulta-katriina-perinteinen-suodatinkahvi-500g","isAgeLimitedByAlcohol":false,"frozen":false,"packagingLabels":[],"packagingLabelCodes":[],"hierarchyPath":[{"id":"1591691224561855","name":"Kahvit","slug":"juomat-1/kahvit-ja-suodatinpaperit/kahvit","__typename":"HierarchyPathItem"},{"id":"Herkku_00000089","name":"Kahvit ja suodatinpaperit","slug":"juomat-1/kahvit-ja-suodatinpaperit","__typename":"HierarchyPathItem"},{"id":"Herkku_00000005","name":"Juomat","slug":"juomat-1","__typename":"HierarchyPathItem"}],"isGlobalFallback":null,"countryName":{"fi":"Suomi","__typename":"CountryName"}},{"id":"6420101443447","ean":"6420101443447","name":"Saludo suodatinkahvi UTZ 450g","price":5.79,"storeId":725782447,"__typename":"Product","approxPrice":false,"basicQuantityUnit":"KPL","comparisonPrice":12.87,"comparisonUnit":"KGM","consumerPackageSize":null,"consumerPackageUnit":null,"priceUnit":"KPL","quantityMultiplier":1,"brandName":"Saludo","slug":"saludo-suodatinkahvi-utz-450g","isAgeLimitedByAlcohol":false,"frozen":false,"packagingLabels":["UTZ Certified"],"packagingLabelCodes":["UTZ_CERTIFIED"],"hierarchyPath":[{"id":"1591691224561855","name":"Kahvit","slug":"juomat-1/kahvit-ja-suodatinpaperit/kahvit","__typename":"HierarchyPathItem"},{"id":"Herkku_00000089","name":"Kahvit ja suodatinpaperit","slug":"juomat-1/kahvit-ja-suodatinpaperit","__typename":"HierarchyPathItem"},{"id":"Herkku_00000005","name":"Juomat","slug":"juomat-1","__typename":"HierarchyPathItem"}],"isGlobalFallback":null,"countryName":{"fi":"Suomi","__typename":"CountryName"}},{"id":"6420101884714","ean":"6420101884714","name":"Meira Merisuola hieno 800g","price":1.09,"storeId":725782447,"__typename":"Product","approxPrice":false,"basicQuantityUnit":"KPL","comparisonPrice":1.36,"comparisonUnit":"KGM","consumerPackageSize":null,"consumerPackageUnit":null,"priceUnit":"KPL","quantityMultiplier":1,"brandName":"Meira","slug":"meira-merisuola-hieno-800g","isAgeLimitedByAlcohol":false,"frozen":false,"packagingLabels":[],"packagingLabelCodes":[],"hierarchyPath":[{"id":"Herkku_00000434","name":"Merisuola","slug":"oljyt-mausteet-maustaminen-1/suolat/merisuola","__typename":"HierarchyPathItem"},{"id":"Herkku_00000080","name":"Suolat","slug":"oljyt-mausteet-maustaminen-1/suolat","__typename":"HierarchyPathItem"},{"id":"Herkku_00000011","name":"Öljyt, mausteet, maustaminen","slug":"oljyt-mausteet-maustaminen-1","__typename":"HierarchyPathItem"}],"isGlobalFallback":null,"countryName":{"fi":"Espanja","__typename":"CountryName"}},{"id":"6420140700631","ean":"6420140700631","name":"Hau-Hau Champion Lammasta ja riisiä täysravinto aikuisille koirille  2 kg","price":8.49,"storeId":725782447,"__typename":"Product","approxPrice":false,"basicQuantityUnit":"KPL","comparisonPrice":4.25,"comparisonUnit":"KGM","consumerPackageSize":null,"consumerPackageUnit":null,"priceUnit":"KPL","quantityMultiplier":1,"brandName":"Hau-Hau Champion","slug":"hau-hau-champion-lammasta-ja-riisia-taysravinto-aikuisille-koirille-2-kg","isAgeLimitedByAlcohol":false,"frozen":false,"packagingLabels":[],"packagingLabelCodes":[],"hierarchyPath":[{"id":"Herkku_00000539","name":"Koiran kuiva ruoka","slug":"lemmikit-1/koiranruoat/koiran-kuiva-ruoka","__typename":"HierarchyPathItem"},{"id":"Herkku_00000102","name":"Koiranruoat","slug":"lemmikit-1/koiranruoat","__typename":"HierarchyPathItem"},{"id":"Herkku_00000012","name":"Lemmikit","slug":"lemmikit-1","__typename":"HierarchyPathItem"}],"isGlobalFallback":null,"countryName":{"fi":"Tšekki","__typename":"CountryName"}},{"id":"6420140900024","ean":"6420140900024","name":"Hau-Hau Champion Kanaa ja riisiä täysravinto aikuisille koirille 2 kg","price":8.49,"storeId":725782447,"__typename":"Product","approxPrice":false,"basicQuantityUnit":"KPL","comparisonPrice":4.25,"comparisonUnit":"KGM","consumerPackageSize":null,"consumerPackageUnit":null,"priceUnit":"KPL","quantityMultiplier":1,"brandName":"Hau-Hau Champion","slug":"hau-hau-champion-kanaa-ja-riisia-taysravinto-aikuisille-koirille-2-kg","isAgeLimitedByAlcohol":false,"frozen":false,"packagingLabels":[],"packagingLabelCodes":[],"hierarchyPath":[{"id":"Herkku_00000539","name":"Koiran kuiva ruoka","slug":"lemmikit-1/koiranruoat/koiran-kuiva-ruoka","__typename":"HierarchyPathItem"},{"id":"Herkku_00000102","name":"Koiranruoat","slug":"lemmikit-1/koiranruoat","__typename":"HierarchyPathItem"},{"id":"Herkku_00000012","name":"Lemmikit","slug":"lemmikit-1","__typename":"HierarchyPathItem"}],"isGlobalFallback":null,"countryName":{"fi":"Tšekki","__typename":"CountryName"}},{"id":"6420256000052","ean":"6420256000052","name":"Leijona Tervalakritsi pastilli 32g","price":1.15,"storeId":725782447,"__typename":"Product","approxPrice":false,"basicQuantityUnit":"KPL","comparisonPrice":35.94,"comparisonUnit":"KGM","consumerPackageSize":null,"consumerPackageUnit":null,"priceUnit":"KPL","quantityMultiplier":1,"brandName":"Leijona","slug":"leijona-tervalakritsi-pastilli-32g","isAgeLimitedByAlcohol":false,"frozen":false,"packagingLabels":[],"packagingLabelCodes":[],"hierarchyPath":[{"id":"Herkku_00000329","name":"Muut pastillit","slug":"makeiset-ja-naposteltavat-1/pastillit/muut-pastillit","__typename":"HierarchyPathItem"},{"id":"Herkku_00000058","name":"Pastillit","slug":"makeiset-ja-naposteltavat-1/pastillit","__typename":"HierarchyPathItem"},{"id":"Herkku_00000009","name":"Makeiset ja naposteltavat","slug":"makeiset-ja-naposteltavat-1","__typename":"HierarchyPathItem"}],"isGlobalFallback":null,"countryName":{"fi":"Italia","__typename":"CountryName"}},{"id":"6420256001752","ean":"6420256001752","name":"Sisu Xylitol pastilli 36g","price":1.29,"storeId":725782447,"__typename":"Product","approxPrice":false,"basicQuantityUnit":"KPL","comparisonPrice":35.83,"comparisonUnit":"KGM","consumerPackageSize":null,"consumerPackageUnit":null,"priceUnit":"KPL","quantityMultiplier":1,"brandName":"Sisu","slug":"sisu-xylitol-pastilli-36g","isAgeLimitedByAlcohol":false,"frozen":false,"packagingLabels":["Suomen hammaslääkäriliitto suosittelee ksylitolia"],"packagingLabelCodes":["SUOMEN_HAMMASLAAKARILIITTO_SUOSITTELEE_KSYLITOLIA"],"hierarchyPath":[{"id":"Herkku_00000329","name":"Muut pastillit","slug":"makeiset-ja-naposteltavat-1/pastillit/muut-pastillit","__typename":"HierarchyPathItem"},{"id":"Herkku_00000058","name":"Pastillit","slug":"makeiset-ja-naposteltavat-1/pastillit","__typename":"HierarchyPathItem"},{"id":"Herkku_00000009","name":"Makeiset ja naposteltavat","slug":"makeiset-ja-naposteltavat-1","__typename":"HierarchyPathItem"}],"isGlobalFallback":null,"countryName":{"fi":"Italia","__typename":"CountryName"}},{"id":"6420256002131","ean":"6420256002131","name":"Läkerol Dents Sweetmint ksylitolipastilli 36g","price":1.85,"storeId":725782447,"__typename":"Product","approxPrice":false,"basicQuantityUnit":"KPL","comparisonPrice":51.39,"comparisonUnit":"KGM","consumerPackageSize":null,"consumerPackageUnit":null,"priceUnit":"KPL","quantityMultiplier":1,"brandName":"Läkerol Dents","slug":"lakerol-dents-sweetmint-ksylitolipastilli-36g","isAgeLimitedByAlcohol":false,"frozen":false,"packagingLabels":["Suomen hammaslääkäriliitto suosittelee ksylitolia"],"packagingLabelCodes":["SUOMEN_HAMMASLAAKARILIITTO_SUOSITTELEE_KSYLITOLIA"],"hierarchyPath":[{"id":"Herkku_00000328","name":"Ksylitolipastillit","slug":"makeiset-ja-naposteltavat-1/pastillit/ksylitolipastillit","__typename":"HierarchyPathItem"},{"id":"Herkku_00000058","name":"Pastillit","slug":"makeiset-ja-naposteltavat-1/pastillit","__typename":"HierarchyPathItem"},{"id":"Herkku_00000009","name":"Makeiset ja naposteltavat","slug":"makeiset-ja-naposteltavat-1","__typename":"HierarchyPathItem"}],"isGlobalFallback":null,"countryName":{"fi":"Slovakia","__typename":"CountryName"}},{"id":"6420256010976","ean":"6420256010976","name":"Mynthon Omena kurkkupastilli 31g","price":1.19,"storeId":725782447,"__typename":"Product","approxPrice":false,"basicQuantityUnit":"KPL","comparisonPrice":38.39,"comparisonUnit":"KGM","consumerPackageSize":null,"consumerPackageUnit":null,"priceUnit":"KPL","quantityMultiplier":1,"brandName":"Mynthon","slug":"mynthon-omena-kurkkupastilli-31g","isAgeLimitedByAlcohol":false,"frozen":false,"packagingLabels":[],"packagingLabelCodes":[],"hierarchyPath":[{"id":"Herkku_00000327","name":"Kurkkupastillit","slug":"makeiset-ja-naposteltavat-1/pastillit/kurkkupastillit","__typename":"HierarchyPathItem"},{"id":"Herkku_00000058","name":"Pastillit","slug":"makeiset-ja-naposteltavat-1/pastillit","__typename":"HierarchyPathItem"},{"id":"Herkku_00000009","name":"Makeiset ja naposteltavat","slug":"makeiset-ja-naposteltavat-1","__typename":"HierarchyPathItem"}],"isGlobalFallback":null,"countryName":{"fi":"Slovakia","__typename":"CountryName"}},{"id":"6420256011263","ean":"6420256011263","name":"Jenkki Professional Freshmint täysksylitolipurukumi 90g","price":3.19,"storeId":725782447,"__typename":"Product","approxPrice":false,"basicQuantityUnit":"KPL","comparisonPrice":35.44,"comparisonUnit":"KGM","consumerPackageSize":null,"consumerPackageUnit":null,"priceUnit":"KPL","quantityMultiplier":1,"brandName":"Jenkki Professional","slug":"jenkki-professional-freshmint-taysksylitolipurukumi-90g","isAgeLimitedByAlcohol":false,"frozen":false,"packagingLabels":["Suomen hammaslääkäriliitto suosittelee ksylitolia"],"packagingLabelCodes":["SUOMEN_HAMMASLAAKARILIITTO_SUOSITTELEE_KSYLITOLIA"],"hierarchyPath":[{"id":"Herkku_00000331","name":"Purukumipussit","slug":"makeiset-ja-naposteltavat-1/purukumit/purukumipussit","__typename":"HierarchyPathItem"},{"id":"Herkku_00000059","name":"Purukumit","slug":"makeiset-ja-naposteltavat-1/purukumit","__typename":"HierarchyPathItem"},{"id":"Herkku_00000009","name":"Makeiset ja naposteltavat","slug":"makeiset-ja-naposteltavat-1","__typename":"HierarchyPathItem"}],"isGlobalFallback":null,"countryName":{"fi":"Alankomaat","__typename":"CountryName"}},{"id":"6420256012079","ean":"6420256012079","name":"Malaco Lauantai makeissekoitus 150g","price":1.99,"storeId":725782447,"__typename":"Product","approxPrice":false,"basicQuantityUnit":"KPL","comparisonPrice":13.27,"comparisonUnit":"KGM","consumerPackageSize":null,"consumerPackageUnit":null,"priceUnit":"KPL","quantityMultiplier":1,"brandName":"Malaco","slug":"malaco-lauantai-makeissekoitus-150g","isAgeLimitedByAlcohol":false,"frozen":false,"packagingLabels":[],"packagingLabelCodes":[],"hierarchyPath":[{"id":"Herkku_00000322","name":"Hedelmä","slug":"makeiset-ja-naposteltavat-1/karkkipussit/hedelma","__typename":"HierarchyPathItem"},{"id":"Herkku_00000055","name":"Karkkipussit","slug":"makeiset-ja-naposteltavat-1/karkkipussit","__typename":"HierarchyPathItem"},{"id":"Herkku_00000009","name":"Makeiset ja naposteltavat","slug":"makeiset-ja-naposteltavat-1","__typename":"HierarchyPathItem"}],"isGlobalFallback":null,"countryName":{"fi":"Slovakia","__typename":"CountryName"}},{"id":"6420256012673","ean":"6420256012673","name":"Jenkki Original Peppermint ksylitolipurukumi 100g","price":3.19,"storeId":725782447,"__typename":"Product","approxPrice":false,"basicQuantityUnit":"KPL","comparisonPrice":31.9,"comparisonUnit":"KGM","consumerPackageSize":null,"consumerPackageUnit":null,"priceUnit":"KPL","quantityMultiplier":1,"brandName":"Jenkki","slug":"jenkki-original-peppermint-ksylitolipurukumi-100g","isAgeLimitedByAlcohol":false,"frozen":false,"packagingLabels":["Suomen hammaslääkäriliitto suosittelee ksylitolia"],"packagingLabelCodes":["SUOMEN_HAMMASLAAKARILIITTO_SUOSITTELEE_KSYLITOLIA"],"hierarchyPath":[{"id":"Herkku_00000331","name":"Purukumipussit","slug":"makeiset-ja-naposteltavat-1/purukumit/purukumipussit","__typename":"HierarchyPathItem"},{"id":"Herkku_00000059","name":"Purukumit","slug":"makeiset-ja-naposteltavat-1/purukumit","__typename":"HierarchyPathItem"},{"id":"Herkku_00000009","name":"Makeiset ja naposteltavat","slug":"makeiset-ja-naposteltavat-1","__typename":"HierarchyPathItem"}],"isGlobalFallback":null,"countryName":{"fi":"Alankomaat","__typename":"CountryName"}},{"id":"6420256012680","ean":"6420256012680","name":"Jenkki Original Spearmint ksylitolipurukumi 100g","price":3.19,"storeId":725782447,"__typename":"Product","approxPrice":false,"basicQuantityUnit":"KPL","comparisonPrice":31.9,"comparisonUnit":"KGM","consumerPackageSize":null,"consumerPackageUnit":null,"priceUnit":"KPL","quantityMultiplier":1,"brandName":"Jenkki","slug":"jenkki-original-spearmint-ksylitolipurukumi-100g","isAgeLimitedByAlcohol":false,"frozen":false,"packagingLabels":["Suomen hammaslääkäriliitto suosittelee ksylitolia"],"packagingLabelCodes":["SUOMEN_HAMMASLAAKARILIITTO_SUOSITTELEE_KSYLITOLIA"],"hierarchyPath":[{"id":"Herkku_00000331","name":"Purukumipussit","slug":"makeiset-ja-naposteltavat-1/purukumit/purukumipussit","__typename":"HierarchyPathItem"},{"id":"Herkku_00000059","name":"Purukumit","slug":"makeiset-ja-naposteltavat-1/purukumit","__typename":"HierarchyPathItem"},{"id":"Herkku_00000009","name":"Makeiset ja naposteltavat","slug":"makeiset-ja-naposteltavat-1","__typename":"HierarchyPathItem"}],"isGlobalFallback":null,"countryName":{"fi":"Alankomaat","__typename":"CountryName"}},{"id":"6420256012871","ean":"6420256012871","name":"Jenkki Herra Hakkarainen Päärynä täysksylitolipastilli 55g","price":2.69,"storeId":725782447,"__typename":"Product","approxPrice":false,"basicQuantityUnit":"KPL","comparisonPrice":48.91,"comparisonUnit":"KGM","consumerPackageSize":null,"consumerPackageUnit":null,"priceUnit":"KPL","quantityMultiplier":1,"brandName":"Herra Hakkarainen","slug":"jenkki-herra-hakkarainen-paaryna-taysksylitolipastilli-55g","isAgeLimitedByAlcohol":false,"frozen":false,"packagingLabels":["Suomen hammaslääkäriliitto suosittelee ksylitolia"],"packagingLabelCodes":["SUOMEN_HAMMASLAAKARILIITTO_SUOSITTELEE_KSYLITOLIA"],"hierarchyPath":[{"id":"Herkku_00000328","name":"Ksylitolipastillit","slug":"makeiset-ja-naposteltavat-1/pastillit/ksylitolipastillit","__typename":"HierarchyPathItem"},{"id":"Herkku_00000058","name":"Pastillit","slug":"makeiset-ja-naposteltavat-1/pastillit","__typename":"HierarchyPathItem"},{"id":"Herkku_00000009","name":"Makeiset ja naposteltavat","slug":"makeiset-ja-naposteltavat-1","__typename":"HierarchyPathItem"}],"isGlobalFallback":null,"countryName":{"fi":"Alankomaat","__typename":"CountryName"}},{"id":"6420256012895","ean":"6420256012895","name":"Sisu Sokton pastilli 70g","price":2.29,"storeId":725782447,"__typename":"Product","approxPrice":false,"basicQuantityUnit":"KPL","comparisonPrice":32.71,"comparisonUnit":"KGM","consumerPackageSize":null,"consumerPackageUnit":null,"priceUnit":"KPL","quantityMultiplier":1,"brandName":"Sisu","slug":"sisu-sokton-pastilli-70g","isAgeLimitedByAlcohol":false,"frozen":false,"packagingLabels":[],"packagingLabelCodes":[],"hierarchyPath":[{"id":"Herkku_00000329","name":"Muut pastillit","slug":"makeiset-ja-naposteltavat-1/pastillit/muut-pastillit","__typename":"HierarchyPathItem"},{"id":"Herkku_00000058","name":"Pastillit","slug":"makeiset-ja-naposteltavat-1/pastillit","__typename":"HierarchyPathItem"},{"id":"Herkku_00000009","name":"Makeiset ja naposteltavat","slug":"makeiset-ja-naposteltavat-1","__typename":"HierarchyPathItem"}],"isGlobalFallback":null,"countryName":{"fi":"Italia","__typename":"CountryName"}},{"id":"6420256012925","ean":"6420256012925","name":"Mynthon Extra Väkevä Sokeritonkurkkupastilli 85g","price":2.49,"storeId":725782447,"__typename":"Product","approxPrice":false,"basicQuantityUnit":"KPL","comparisonPrice":29.29,"comparisonUnit":"KGM","consumerPackageSize":null,"consumerPackageUnit":null,"priceUnit":"KPL","quantityMultiplier":1,"brandName":"Mynthon","slug":"mynthon-extra-vakeva-sokeritonkurkkupastilli-85g","isAgeLimitedByAlcohol":false,"frozen":false,"packagingLabels":[],"packagingLabelCodes":[],"hierarchyPath":[{"id":"Herkku_00000327","name":"Kurkkupastillit","slug":"makeiset-ja-naposteltavat-1/pastillit/kurkkupastillit","__typename":"HierarchyPathItem"},{"id":"Herkku_00000058","name":"Pastillit","slug":"makeiset-ja-naposteltavat-1/pastillit","__typename":"HierarchyPathItem"},{"id":"Herkku_00000009","name":"Makeiset ja naposteltavat","slug":"makeiset-ja-naposteltavat-1","__typename":"HierarchyPathItem"}],"isGlobalFallback":null,"countryName":{"fi":"Slovakia","__typename":"CountryName"}},{"id":"6420256013083","ean":"6420256013083","name":"Mynthon Aqua Menthol ksylitolipurukumi 44g","price":2.25,"storeId":725782447,"__typename":"Product","approxPrice":false,"basicQuantityUnit":"KPL","comparisonPrice":51.14,"comparisonUnit":"KGM","consumerPackageSize":null,"consumerPackageUnit":null,"priceUnit":"KPL","quantityMultiplier":1,"brandName":"Mynthon","slug":"mynthon-aqua-menthol-ksylitolipurukumi-44g","isAgeLimitedByAlcohol":false,"frozen":false,"packagingLabels":["Suomen hammaslääkäriliitto suosittelee ksylitolia"],"packagingLabelCodes":["SUOMEN_HAMMASLAAKARILIITTO_SUOSITTELEE_KSYLITOLIA"],"hierarchyPath":[{"id":"Herkku_00000331","name":"Purukumipussit","slug":"makeiset-ja-naposteltavat-1/purukumit/purukumipussit","__typename":"HierarchyPathItem"},{"id":"Herkku_00000059","name":"Purukumit","slug":"makeiset-ja-naposteltavat-1/purukumit","__typename":"HierarchyPathItem"},{"id":"Herkku_00000009","name":"Makeiset ja naposteltavat","slug":"makeiset-ja-naposteltavat-1","__typename":"HierarchyPathItem"}],"isGlobalFallback":null,"countryName":{"fi":"Alankomaat","__typename":"CountryName"}},{"id":"6420256013403","ean":"6420256013403","name":"Malaco TV Mix Original makeissekoitus 325g","price":2.59,"storeId":725782447,"__typename":"Product","approxPrice":false,"basicQuantityUnit":"KPL","comparisonPrice":7.97,"comparisonUnit":"KGM","consumerPackageSize":null,"consumerPackageUnit":null,"priceUnit":"KPL","quantityMultiplier":1,"brandName":"Tv Mix","slug":"malaco-tv-mix-original-makeissekoitus-325g","isAgeLimitedByAlcohol":false,"frozen":false,"packagingLabels":[],"packagingLabelCodes":[],"hierarchyPath":[{"id":"Herkku_00000322","name":"Hedelmä","slug":"makeiset-ja-naposteltavat-1/karkkipussit/hedelma","__typename":"HierarchyPathItem"},{"id":"Herkku_00000055","name":"Karkkipussit","slug":"makeiset-ja-naposteltavat-1/karkkipussit","__typename":"HierarchyPathItem"},{"id":"Herkku_00000009","name":"Makeiset ja naposteltavat","slug":"makeiset-ja-naposteltavat-1","__typename":"HierarchyPathItem"}],"isGlobalFallback":null,"countryName":{"fi":"Slovakia","__typename":"CountryName"}},{"id":"6420256013465","ean":"6420256013465","name":"Sisu Xylitol salmiakki pastilli 70g","price":2.29,"storeId":725782447,"__typename":"Product","approxPrice":false,"basicQuantityUnit":"KPL","comparisonPrice":32.71,"comparisonUnit":"KGM","consumerPackageSize":null,"consumerPackageUnit":null,"priceUnit":"KPL","quantityMultiplier":1,"brandName":"Sisu","slug":"sisu-xylitol-salmiakki-pastilli-70g","isAgeLimitedByAlcohol":false,"frozen":false,"packagingLabels":["Suomen hammaslääkäriliitto suosittelee ksylitolia"],"packagingLabelCodes":["SUOMEN_HAMMASLAAKARILIITTO_SUOSITTELEE_KSYLITOLIA"],"hierarchyPath":[{"id":"Herkku_00000329","name":"Muut pastillit","slug":"makeiset-ja-naposteltavat-1/pastillit/muut-pastillit","__typename":"HierarchyPathItem"},{"id":"Herkku_00000058","name":"Pastillit","slug":"makeiset-ja-naposteltavat-1/pastillit","__typename":"HierarchyPathItem"},{"id":"Herkku_00000009","name":"Makeiset ja naposteltavat","slug":"makeiset-ja-naposteltavat-1","__typename":"HierarchyPathItem"}],"isGlobalFallback":null,"countryName":{"fi":"Italia","__typename":"CountryName"}},{"id":"6420256013892","ean":"6420256013892","name":"Jenkki Original Spearmint ksylitolipurukumi 18g","price":1.09,"storeId":725782447,"__typename":"Product","approxPrice":false,"basicQuantityUnit":"KPL","comparisonPrice":60.56,"comparisonUnit":"KGM","consumerPackageSize":null,"consumerPackageUnit":null,"priceUnit":"KPL","quantityMultiplier":1,"brandName":"Jenkki","slug":"jenkki-original-spearmint-ksylitolipurukumi-18g","isAgeLimitedByAlcohol":false,"frozen":false,"packagingLabels":["Suomen hammaslääkäriliitto suosittelee ksylitolia"],"packagingLabelCodes":["SUOMEN_HAMMASLAAKARILIITTO_SUOSITTELEE_KSYLITOLIA"],"hierarchyPath":[{"id":"Herkku_00000330","name":"Purukumipakkaukset","slug":"makeiset-ja-naposteltavat-1/purukumit/purukumipakkaukset","__typename":"HierarchyPathItem"},{"id":"Herkku_00000059","name":"Purukumit","slug":"makeiset-ja-naposteltavat-1/purukumit","__typename":"HierarchyPathItem"},{"id":"Herkku_00000009","name":"Makeiset ja naposteltavat","slug":"makeiset-ja-naposteltavat-1","__typename":"HierarchyPathItem"}],"isGlobalFallback":null,"countryName":{"fi":"Alankomaat","__typename":"CountryName"}},{"id":"6420256014066","ean":"6420256014066","name":"Malaco Mini Tv Mix Kirpeä makeissekoitus 110g","price":1.39,"storeId":725782447,"__typename":"Product","approxPrice":false,"basicQuantityUnit":"KPL","comparisonPrice":12.64,"comparisonUnit":"KGM","consumerPackageSize":null,"consumerPackageUnit":null,"priceUnit":"KPL","quantityMultiplier":1,"brandName":"Cloetta","slug":"malaco-mini-tv-mix-kirpea-makeissekoitus-110g","isAgeLimitedByAlcohol":false,"frozen":false,"packagingLabels":[],"packagingLabelCodes":[],"hierarchyPath":[{"id":"Herkku_00000320","name":"Kirpeät","slug":"makeiset-ja-naposteltavat-1/karkkipussit/kirpeat","__typename":"HierarchyPathItem"},{"id":"Herkku_00000055","name":"Karkkipussit","slug":"makeiset-ja-naposteltavat-1/karkkipussit","__typename":"HierarchyPathItem"},{"id":"Herkku_00000009","name":"Makeiset ja naposteltavat","slug":"makeiset-ja-naposteltavat-1","__typename":"HierarchyPathItem"}],"isGlobalFallback":null,"countryName":{"fi":"Belgia","__typename":"CountryName"}},{"id":"6420256014073","ean":"6420256014073","name":"Malaco Mini Tv Mix Hedelmäinen makeissekoitus 110g","price":1.39,"storeId":725782447,"__typename":"Product","approxPrice":false,"basicQuantityUnit":"KPL","comparisonPrice":12.64,"comparisonUnit":"KGM","consumerPackageSize":null,"consumerPackageUnit":null,"priceUnit":"KPL","quantityMultiplier":1,"brandName":"Cloetta","slug":"malaco-mini-tv-mix-hedelmainen-makeissekoitus-110g","isAgeLimitedByAlcohol":false,"frozen":false,"packagingLabels":[],"packagingLabelCodes":[],"hierarchyPath":[{"id":"Herkku_00000322","name":"Hedelmä","slug":"makeiset-ja-naposteltavat-1/karkkipussit/hedelma","__typename":"HierarchyPathItem"},{"id":"Herkku_00000055","name":"Karkkipussit","slug":"makeiset-ja-naposteltavat-1/karkkipussit","__typename":"HierarchyPathItem"},{"id":"Herkku_00000009","name":"Makeiset ja naposteltavat","slug":"makeiset-ja-naposteltavat-1","__typename":"HierarchyPathItem"}],"isGlobalFallback":null,"countryName":{"fi":"Slovakia","__typename":"CountryName"}},{"id":"6420256014134","ean":"6420256014134","name":"Tupla Maxi suklaapatukka 50g","price":0.79,"storeId":725782447,"__typename":"Product","approxPrice":false,"basicQuantityUnit":"KPL","comparisonPrice":15.8,"comparisonUnit":"KGM","consumerPackageSize":null,"consumerPackageUnit":null,"priceUnit":"KPL","quantityMultiplier":1,"brandName":"Tupla","slug":"tupla-maxi-suklaapatukka-50g","isAgeLimitedByAlcohol":false,"frozen":false,"packagingLabels":["Rainforest Alliance people & nature"," Rainforest alliance certified (Sammakko-merkki)"],"packagingLabelCodes":["RAINFOREST_ALLIANCE"," RAINFOREST_ALLIANCE_PEOPLE_NATURE"],"hierarchyPath":[{"id":"Herkku_00000333","name":"Suklaapatukat","slug":"makeiset-ja-naposteltavat-1/suklaat/suklaapatukat","__typename":"HierarchyPathItem"},{"id":"Herkku_00000060","name":"Suklaat","slug":"makeiset-ja-naposteltavat-1/suklaat","__typename":"HierarchyPathItem"},{"id":"Herkku_00000009","name":"Makeiset ja naposteltavat","slug":"makeiset-ja-naposteltavat-1","__typename":"HierarchyPathItem"}],"isGlobalFallback":null,"countryName":{"fi":"Ruotsi","__typename":"CountryName"}},{"id":"6420256014479","ean":"6420256014479","name":"Mynthon Xylitol Eucalyptus  ksylitolipastilli 31g","price":1.65,"storeId":725782447,"__typename":"Product","approxPrice":false,"basicQuantityUnit":"KPL","comparisonPrice":53.23,"comparisonUnit":"KGM","consumerPackageSize":null,"consumerPackageUnit":null,"priceUnit":"KPL","quantityMultiplier":1,"brandName":"Mynthon","slug":"mynthon-xylitol-eucalyptus-ksylitolipastilli-31g","isAgeLimitedByAlcohol":false,"frozen":false,"packagingLabels":["Suomen hammaslääkäriliitto suosittelee ksylitolia"],"packagingLabelCodes":["SUOMEN_HAMMASLAAKARILIITTO_SUOSITTELEE_KSYLITOLIA"],"hierarchyPath":[{"id":"Herkku_00000327","name":"Kurkkupastillit","slug":"makeiset-ja-naposteltavat-1/pastillit/kurkkupastillit","__typename":"HierarchyPathItem"},{"id":"Herkku_00000058","name":"Pastillit","slug":"makeiset-ja-naposteltavat-1/pastillit","__typename":"HierarchyPathItem"},{"id":"Herkku_00000009","name":"Makeiset ja naposteltavat","slug":"makeiset-ja-naposteltavat-1","__typename":"HierarchyPathItem"}],"isGlobalFallback":null,"countryName":{"fi":"Slovakia","__typename":"CountryName"}},{"id":"6420256015179","ean":"6420256015179","name":"Jenkki Professional Cool pepperminttäysksylitolipurukumi 80g","price":3.19,"storeId":725782447,"__typename":"Product","approxPrice":false,"basicQuantityUnit":"KPL","comparisonPrice":39.88,"comparisonUnit":"KGM","consumerPackageSize":null,"consumerPackageUnit":null,"priceUnit":"KPL","quantityMultiplier":1,"brandName":"Jenkki Professional","slug":"jenkki-professional-cool-pepperminttaysksylitolipurukumi-80g","isAgeLimitedByAlcohol":false,"frozen":false,"packagingLabels":["Suomen hammaslääkäriliitto suosittelee ksylitolia"],"packagingLabelCodes":["SUOMEN_HAMMASLAAKARILIITTO_SUOSITTELEE_KSYLITOLIA"],"hierarchyPath":[{"id":"Herkku_00000331","name":"Purukumipussit","slug":"makeiset-ja-naposteltavat-1/purukumit/purukumipussit","__typename":"HierarchyPathItem"},{"id":"Herkku_00000059","name":"Purukumit","slug":"makeiset-ja-naposteltavat-1/purukumit","__typename":"HierarchyPathItem"},{"id":"Herkku_00000009","name":"Makeiset ja naposteltavat","slug":"makeiset-ja-naposteltavat-1","__typename":"HierarchyPathItem"}],"isGlobalFallback":null,"countryName":{"fi":"Alankomaat","__typename":"CountryName"}},{"id":"6420256015193","ean":"6420256015193","name":"Mynthon Extra Väkevä kurkkupastilli 39g","price":1.19,"storeId":725782447,"__typename":"Product","approxPrice":false,"basicQuantityUnit":"KPL","comparisonPrice":30.51,"comparisonUnit":"KGM","consumerPackageSize":null,"consumerPackageUnit":null,"priceUnit":"KPL","quantityMultiplier":1,"brandName":"Mynthon","slug":"mynthon-extra-vakeva-kurkkupastilli-39g","isAgeLimitedByAlcohol":false,"frozen":false,"packagingLabels":[],"packagingLabelCodes":[],"hierarchyPath":[{"id":"Herkku_00000327","name":"Kurkkupastillit","slug":"makeiset-ja-naposteltavat-1/pastillit/kurkkupastillit","__typename":"HierarchyPathItem"},{"id":"Herkku_00000058","name":"Pastillit","slug":"makeiset-ja-naposteltavat-1/pastillit","__typename":"HierarchyPathItem"},{"id":"Herkku_00000009","name":"Makeiset ja naposteltavat","slug":"makeiset-ja-naposteltavat-1","__typename":"HierarchyPathItem"}],"isGlobalFallback":null,"countryName":{"fi":"Slovakia","__typename":"CountryName"}},{"id":"6420256015209","ean":"6420256015209","name":"Mynthon Extra Väkevä Sokeriton kurkkupastilli 35g","price":1.19,"storeId":725782447,"__typename":"Product","approxPrice":false,"basicQuantityUnit":"KPL","comparisonPrice":34,"comparisonUnit":"KGM","consumerPackageSize":null,"consumerPackageUnit":null,"priceUnit":"KPL","quantityMultiplier":1,"brandName":"Mynthon","slug":"mynthon-extra-vakeva-sokeriton-kurkkupastilli-35g","isAgeLimitedByAlcohol":false,"frozen":false,"packagingLabels":[],"packagingLabelCodes":[],"hierarchyPath":[{"id":"Herkku_00000327","name":"Kurkkupastillit","slug":"makeiset-ja-naposteltavat-1/pastillit/kurkkupastillit","__typename":"HierarchyPathItem"},{"id":"Herkku_00000058","name":"Pastillit","slug":"makeiset-ja-naposteltavat-1/pastillit","__typename":"HierarchyPathItem"},{"id":"Herkku_00000009","name":"Makeiset ja naposteltavat","slug":"makeiset-ja-naposteltavat-1","__typename":"HierarchyPathItem"}],"isGlobalFallback":null,"countryName":{"fi":"Slovakia","__typename":"CountryName"}},{"id":"6420256015216","ean":"6420256015216","name":"Mynthon Sitruuna-Hunaja kurkkupastilli 39g","price":1.19,"storeId":725782447,"__typename":"Product","approxPrice":false,"basicQuantityUnit":"KPL","comparisonPrice":30.51,"comparisonUnit":"KGM","consumerPackageSize":null,"consumerPackageUnit":null,"priceUnit":"KPL","quantityMultiplier":1,"brandName":"Mynthon","slug":"mynthon-sitruuna-hunaja-kurkkupastilli-39g","isAgeLimitedByAlcohol":false,"frozen":false,"packagingLabels":[],"packagingLabelCodes":[],"hierarchyPath":[{"id":"Herkku_00000327","name":"Kurkkupastillit","slug":"makeiset-ja-naposteltavat-1/pastillit/kurkkupastillit","__typename":"HierarchyPathItem"},{"id":"Herkku_00000058","name":"Pastillit","slug":"makeiset-ja-naposteltavat-1/pastillit","__typename":"HierarchyPathItem"},{"id":"Herkku_00000009","name":"Makeiset ja naposteltavat","slug":"makeiset-ja-naposteltavat-1","__typename":"HierarchyPathItem"}],"isGlobalFallback":null,"countryName":{"fi":"Slovakia","__typename":"CountryName"}},{"id":"6420256015230","ean":"6420256015230","name":"Mynthon Viileä Minttu Sokeriton kurkkupastilli 35g","price":1.19,"storeId":725782447,"__typename":"Product","approxPrice":false,"basicQuantityUnit":"KPL","comparisonPrice":34,"comparisonUnit":"KGM","consumerPackageSize":null,"consumerPackageUnit":null,"priceUnit":"KPL","quantityMultiplier":1,"brandName":"Mynthon","slug":"mynthon-viilea-minttu-sokeriton-kurkkupastilli-35g","isAgeLimitedByAlcohol":false,"frozen":false,"packagingLabels":[],"packagingLabelCodes":[],"hierarchyPath":[{"id":"Herkku_00000327","name":"Kurkkupastillit","slug":"makeiset-ja-naposteltavat-1/pastillit/kurkkupastillit","__typename":"HierarchyPathItem"},{"id":"Herkku_00000058","name":"Pastillit","slug":"makeiset-ja-naposteltavat-1/pastillit","__typename":"HierarchyPathItem"},{"id":"Herkku_00000009","name":"Makeiset ja naposteltavat","slug":"makeiset-ja-naposteltavat-1","__typename":"HierarchyPathItem"}],"isGlobalFallback":null,"countryName":{"fi":"Slovakia","__typename":"CountryName"}},{"id":"6420256015285","ean":"6420256015285","name":"Malaco TV Mix Choco makeissekoitus 280g","price":2.59,"storeId":725782447,"__typename":"Product","approxPrice":false,"basicQuantityUnit":"KPL","comparisonPrice":9.25,"comparisonUnit":"KGM","consumerPackageSize":null,"consumerPackageUnit":null,"priceUnit":"KPL","quantityMultiplier":1,"brandName":"Malaco","slug":"malaco-tv-mix-choco-makeissekoitus-280g","isAgeLimitedByAlcohol":false,"frozen":false,"packagingLabels":[],"packagingLabelCodes":[],"hierarchyPath":[{"id":"Herkku_00000326","name":"Suklaa","slug":"makeiset-ja-naposteltavat-1/karkkipussit/suklaa","__typename":"HierarchyPathItem"},{"id":"Herkku_00000055","name":"Karkkipussit","slug":"makeiset-ja-naposteltavat-1/karkkipussit","__typename":"HierarchyPathItem"},{"id":"Herkku_00000009","name":"Makeiset ja naposteltavat","slug":"makeiset-ja-naposteltavat-1","__typename":"HierarchyPathItem"}],"isGlobalFallback":null,"countryName":{"fi":"Slovakia","__typename":"CountryName"}},{"id":"6420256015568","ean":"6420256015568","name":"Tupla Kingsize suklaapatukka 85g","price":1.35,"storeId":725782447,"__typename":"Product","approxPrice":false,"basicQuantityUnit":"KPL","comparisonPrice":15.88,"comparisonUnit":"KGM","consumerPackageSize":null,"consumerPackageUnit":null,"priceUnit":"KPL","quantityMultiplier":1,"brandName":"Tupla","slug":"tupla-kingsize-suklaapatukka-85g","isAgeLimitedByAlcohol":false,"frozen":false,"packagingLabels":["Rainforest Alliance people & nature"," Rainforest alliance certified (Sammakko-merkki)"," Vastuullisesti tuotettu palmuöljy (RSPO)"],"packagingLabelCodes":["RAINFOREST_ALLIANCE"," RAINFOREST_ALLIANCE_PEOPLE_NATURE"," SUSTAINABLE_PALM_OIL_RSPO"],"hierarchyPath":[{"id":"Herkku_00000333","name":"Suklaapatukat","slug":"makeiset-ja-naposteltavat-1/suklaat/suklaapatukat","__typename":"HierarchyPathItem"},{"id":"Herkku_00000060","name":"Suklaat","slug":"makeiset-ja-naposteltavat-1/suklaat","__typename":"HierarchyPathItem"},{"id":"Herkku_00000009","name":"Makeiset ja naposteltavat","slug":"makeiset-ja-naposteltavat-1","__typename":"HierarchyPathItem"}],"isGlobalFallback":null,"countryName":{"fi":"Ruotsi","__typename":"CountryName"}},{"id":"6420256015582","ean":"6420256015582","name":"Jenkki Professional Ice Menthol täysksylitolipurukumi 90g","price":3.19,"storeId":725782447,"__typename":"Product","approxPrice":false,"basicQuantityUnit":"KPL","comparisonPrice":35.44,"comparisonUnit":"KGM","consumerPackageSize":null,"consumerPackageUnit":null,"priceUnit":"KPL","quantityMultiplier":1,"brandName":"Jenkki Professional","slug":"jenkki-professional-ice-menthol-taysksylitolipurukumi-90g","isAgeLimitedByAlcohol":false,"frozen":false,"packagingLabels":["Suomen hammaslääkäriliitto suosittelee ksylitolia"],"packagingLabelCodes":["SUOMEN_HAMMASLAAKARILIITTO_SUOSITTELEE_KSYLITOLIA"],"hierarchyPath":[{"id":"Herkku_00000331","name":"Purukumipussit","slug":"makeiset-ja-naposteltavat-1/purukumit/purukumipussit","__typename":"HierarchyPathItem"},{"id":"Herkku_00000059","name":"Purukumit","slug":"makeiset-ja-naposteltavat-1/purukumit","__typename":"HierarchyPathItem"},{"id":"Herkku_00000009","name":"Makeiset ja naposteltavat","slug":"makeiset-ja-naposteltavat-1","__typename":"HierarchyPathItem"}],"isGlobalFallback":null,"countryName":{"fi":"Alankomaat","__typename":"CountryName"}},{"id":"6420256015681","ean":"6420256015681","name":"Tupla Double Layer White Nougat suklaapatukka 48g","price":0.79,"storeId":725782447,"__typename":"Product","approxPrice":false,"basicQuantityUnit":"KPL","comparisonPrice":16.46,"comparisonUnit":"KGM","consumerPackageSize":null,"consumerPackageUnit":null,"priceUnit":"KPL","quantityMultiplier":1,"brandName":"Tupla","slug":"tupla-double-layer-white-nougat-suklaapatukka-48g","isAgeLimitedByAlcohol":false,"frozen":false,"packagingLabels":["Rainforest Alliance people & nature"," Rainforest alliance certified (Sammakko-merkki)"],"packagingLabelCodes":["RAINFOREST_ALLIANCE"," RAINFOREST_ALLIANCE_PEOPLE_NATURE"],"hierarchyPath":[{"id":"Herkku_00000333","name":"Suklaapatukat","slug":"makeiset-ja-naposteltavat-1/suklaat/suklaapatukat","__typename":"HierarchyPathItem"},{"id":"Herkku_00000060","name":"Suklaat","slug":"makeiset-ja-naposteltavat-1/suklaat","__typename":"HierarchyPathItem"},{"id":"Herkku_00000009","name":"Makeiset ja naposteltavat","slug":"makeiset-ja-naposteltavat-1","__typename":"HierarchyPathItem"}],"isGlobalFallback":null,"countryName":{"fi":"Ruotsi","__typename":"CountryName"}},{"id":"6420256015728","ean":"6420256015728","name":"Tupla Crispy Puffs makeinen 170g","price":2.89,"storeId":725782447,"__typename":"Product","approxPrice":false,"basicQuantityUnit":"KPL","comparisonPrice":17,"comparisonUnit":"KGM","consumerPackageSize":null,"consumerPackageUnit":null,"priceUnit":"KPL","quantityMultiplier":1,"brandName":"Tupla","slug":"tupla-crispy-puffs-makeinen-170g","isAgeLimitedByAlcohol":false,"frozen":false,"packagingLabels":["Rainforest Alliance people & nature"," Rainforest alliance certified (Sammakko-merkki)"],"packagingLabelCodes":["RAINFOREST_ALLIANCE"," RAINFOREST_ALLIANCE_PEOPLE_NATURE"],"hierarchyPath":[{"id":"Herkku_00000326","name":"Suklaa","slug":"makeiset-ja-naposteltavat-1/karkkipussit/suklaa","__typename":"HierarchyPathItem"},{"id":"Herkku_00000055","name":"Karkkipussit","slug":"makeiset-ja-naposteltavat-1/karkkipussit","__typename":"HierarchyPathItem"},{"id":"Herkku_00000009","name":"Makeiset ja naposteltavat","slug":"makeiset-ja-naposteltavat-1","__typename":"HierarchyPathItem"}],"isGlobalFallback":null,"countryName":{"fi":"Ruotsi","__typename":"CountryName"}},{"id":"6420256015766","ean":"6420256015766","name":"Tupla Double Layer Maple Syrup suklaapatukka 48g","price":0.79,"storeId":725782447,"__typename":"Product","approxPrice":false,"basicQuantityUnit":"KPL","comparisonPrice":16.46,"comparisonUnit":"KGM","consumerPackageSize":null,"consumerPackageUnit":null,"priceUnit":"KPL","quantityMultiplier":1,"brandName":"Tupla","slug":"tupla-double-layer-maple-syrup-suklaapatukka-48g","isAgeLimitedByAlcohol":false,"frozen":false,"packagingLabels":["Rainforest Alliance people & nature"," Rainforest alliance certified (Sammakko-merkki)"],"packagingLabelCodes":["RAINFOREST_ALLIANCE"," RAINFOREST_ALLIANCE_PEOPLE_NATURE"],"hierarchyPath":[{"id":"Herkku_00000333","name":"Suklaapatukat","slug":"makeiset-ja-naposteltavat-1/suklaat/suklaapatukat","__typename":"HierarchyPathItem"},{"id":"Herkku_00000060","name":"Suklaat","slug":"makeiset-ja-naposteltavat-1/suklaat","__typename":"HierarchyPathItem"},{"id":"Herkku_00000009","name":"Makeiset ja naposteltavat","slug":"makeiset-ja-naposteltavat-1","__typename":"HierarchyPathItem"}],"isGlobalFallback":null,"countryName":{"fi":"Ruotsi","__typename":"CountryName"}},{"id":"6420256015803","ean":"6420256015803","name":"Jenkki Enjoy Hopeatoffee ksylitolipastilli 50g","price":2.35,"storeId":725782447,"__typename":"Product","approxPrice":false,"basicQuantityUnit":"KPL","comparisonPrice":47,"comparisonUnit":"KGM","consumerPackageSize":null,"consumerPackageUnit":null,"priceUnit":"KPL","quantityMultiplier":1,"brandName":"Jenkki","slug":"jenkki-enjoy-hopeatoffee-ksylitolipastilli-50g","isAgeLimitedByAlcohol":false,"frozen":false,"packagingLabels":["Suomen hammaslääkäriliitto suosittelee ksylitolia"],"packagingLabelCodes":["SUOMEN_HAMMASLAAKARILIITTO_SUOSITTELEE_KSYLITOLIA"],"hierarchyPath":[{"id":"Herkku_00000328","name":"Ksylitolipastillit","slug":"makeiset-ja-naposteltavat-1/pastillit/ksylitolipastillit","__typename":"HierarchyPathItem"},{"id":"Herkku_00000058","name":"Pastillit","slug":"makeiset-ja-naposteltavat-1/pastillit","__typename":"HierarchyPathItem"},{"id":"Herkku_00000009","name":"Makeiset ja naposteltavat","slug":"makeiset-ja-naposteltavat-1","__typename":"HierarchyPathItem"}],"isGlobalFallback":null,"countryName":{"fi":"Slovakia","__typename":"CountryName"}},{"id":"6420256015957","ean":"6420256015957","name":"Royal Maitosuklaa suklaapatukka 45g","price":1.05,"storeId":725782447,"__typename":"Product","approxPrice":false,"basicQuantityUnit":"KPL","comparisonPrice":23.33,"comparisonUnit":"KGM","consumerPackageSize":null,"consumerPackageUnit":null,"priceUnit":"KPL","quantityMultiplier":1,"brandName":"Royal","slug":"royal-maitosuklaa-suklaapatukka-45g","isAgeLimitedByAlcohol":false,"frozen":false,"packagingLabels":["Rainforest Alliance people & nature"," Rainforest alliance certified (Sammakko-merkki)"],"packagingLabelCodes":["RAINFOREST_ALLIANCE"," RAINFOREST_ALLIANCE_PEOPLE_NATURE"],"hierarchyPath":[{"id":"Herkku_00000333","name":"Suklaapatukat","slug":"makeiset-ja-naposteltavat-1/suklaat/suklaapatukat","__typename":"HierarchyPathItem"},{"id":"Herkku_00000060","name":"Suklaat","slug":"makeiset-ja-naposteltavat-1/suklaat","__typename":"HierarchyPathItem"},{"id":"Herkku_00000009","name":"Makeiset ja naposteltavat","slug":"makeiset-ja-naposteltavat-1","__typename":"HierarchyPathItem"}],"isGlobalFallback":null,"countryName":{"fi":"Ruotsi","__typename":"CountryName"}},{"id":"6420256015988","ean":"6420256015988","name":"Royal Maitosuklaa suklaalevy 190g","price":2.49,"storeId":725782447,"__typename":"Product","approxPrice":false,"basicQuantityUnit":"KPL","comparisonPrice":13.11,"comparisonUnit":"KGM","consumerPackageSize":null,"consumerPackageUnit":null,"priceUnit":"KPL","quantityMultiplier":1,"brandName":"Royal","slug":"royal-maitosuklaa-suklaalevy-190g","isAgeLimitedByAlcohol":false,"frozen":false,"packagingLabels":["Rainforest Alliance people & nature"," Rainforest alliance certified (Sammakko-merkki)"],"packagingLabelCodes":["RAINFOREST_ALLIANCE"," RAINFOREST_ALLIANCE_PEOPLE_NATURE"],"hierarchyPath":[{"id":"Herkku_00000334","name":"Suklaalevyt","slug":"makeiset-ja-naposteltavat-1/suklaat/suklaalevyt","__typename":"HierarchyPathItem"},{"id":"Herkku_00000060","name":"Suklaat","slug":"makeiset-ja-naposteltavat-1/suklaat","__typename":"HierarchyPathItem"},{"id":"Herkku_00000009","name":"Makeiset ja naposteltavat","slug":"makeiset-ja-naposteltavat-1","__typename":"HierarchyPathItem"}],"isGlobalFallback":null,"countryName":{"fi":"Ruotsi","__typename":"CountryName"}},{"id":"6420256016008","ean":"6420256016008","name":"Royal Minttu Toffeekrokantti suklaalevy 190g","price":2.85,"storeId":725782447,"__typename":"Product","approxPrice":false,"basicQuantityUnit":"KPL","comparisonPrice":15,"comparisonUnit":"KGM","consumerPackageSize":null,"consumerPackageUnit":null,"priceUnit":"KPL","quantityMultiplier":1,"brandName":"Royal","slug":"royal-minttu-toffeekrokantti-suklaalevy-190g","isAgeLimitedByAlcohol":false,"frozen":false,"packagingLabels":["Rainforest Alliance people & nature"," Rainforest alliance certified (Sammakko-merkki)"],"packagingLabelCodes":["RAINFOREST_ALLIANCE"," RAINFOREST_ALLIANCE_PEOPLE_NATURE"],"hierarchyPath":[{"id":"Herkku_00000334","name":"Suklaalevyt","slug":"makeiset-ja-naposteltavat-1/suklaat/suklaalevyt","__typename":"HierarchyPathItem"},{"id":"Herkku_00000060","name":"Suklaat","slug":"makeiset-ja-naposteltavat-1/suklaat","__typename":"HierarchyPathItem"},{"id":"Herkku_00000009","name":"Makeiset ja naposteltavat","slug":"makeiset-ja-naposteltavat-1","__typename":"HierarchyPathItem"}],"isGlobalFallback":null,"countryName":{"fi":"Ruotsi","__typename":"CountryName"}},{"id":"6420256016060","ean":"6420256016060","name":"Malaco Aakkoset Aito & Hedelmäinen Tropiikki makeissekoitus 230g","price":2.85,"storeId":725782447,"__typename":"Product","approxPrice":false,"basicQuantityUnit":"KPL","comparisonPrice":12.39,"comparisonUnit":"KGM","consumerPackageSize":null,"consumerPackageUnit":null,"priceUnit":"KPL","quantityMultiplier":1,"brandName":"Aakkoset","slug":"malaco-aakkoset-aito-and-hedelmainen-tropiikki-makeissekoitus-230g","isAgeLimitedByAlcohol":false,"frozen":false,"packagingLabels":[],"packagingLabelCodes":[],"hierarchyPath":[{"id":"Herkku_00000322","name":"Hedelmä","slug":"makeiset-ja-naposteltavat-1/karkkipussit/hedelma","__typename":"HierarchyPathItem"},{"id":"Herkku_00000055","name":"Karkkipussit","slug":"makeiset-ja-naposteltavat-1/karkkipussit","__typename":"HierarchyPathItem"},{"id":"Herkku_00000009","name":"Makeiset ja naposteltavat","slug":"makeiset-ja-naposteltavat-1","__typename":"HierarchyPathItem"}],"isGlobalFallback":null,"countryName":{"fi":"Alankomaat","__typename":"CountryName"}},{"id":"6420256016084","ean":"6420256016084","name":"Malaco TV Mix Salmiakki makeissekoitus 280g","price":2.59,"storeId":725782447,"__typename":"Product","approxPrice":false,"basicQuantityUnit":"KPL","comparisonPrice":9.25,"comparisonUnit":"KGM","consumerPackageSize":null,"consumerPackageUnit":null,"priceUnit":"KPL","quantityMultiplier":1,"brandName":"Tv Mix","slug":"malaco-tv-mix-salmiakki-makeissekoitus-280g","isAgeLimitedByAlcohol":false,"frozen":false,"packagingLabels":[],"packagingLabelCodes":[],"hierarchyPath":[{"id":"Herkku_00000325","name":"Salmiakki ja lakritsi","slug":"makeiset-ja-naposteltavat-1/karkkipussit/salmiakki-ja-lakritsi","__typename":"HierarchyPathItem"},{"id":"Herkku_00000055","name":"Karkkipussit","slug":"makeiset-ja-naposteltavat-1/karkkipussit","__typename":"HierarchyPathItem"},{"id":"Herkku_00000009","name":"Makeiset ja naposteltavat","slug":"makeiset-ja-naposteltavat-1","__typename":"HierarchyPathItem"}],"isGlobalFallback":null,"countryName":{"fi":"Slovakia","__typename":"CountryName"}},{"id":"6420256016237","ean":"6420256016237","name":"Malaco Aakkoset Choco makeissekoitus 280g","price":2.79,"storeId":725782447,"__typename":"Product","approxPrice":false,"basicQuantityUnit":"KPL","comparisonPrice":9.96,"comparisonUnit":"KGM","consumerPackageSize":null,"consumerPackageUnit":null,"priceUnit":"KPL","quantityMultiplier":1,"brandName":"Malaco Aakkoset","slug":"malaco-aakkoset-choco-makeissekoitus-280g","isAgeLimitedByAlcohol":false,"frozen":false,"packagingLabels":["Rainforest Alliance people & nature"," Rainforest alliance certified (Sammakko-merkki)"],"packagingLabelCodes":["RAINFOREST_ALLIANCE"," RAINFOREST_ALLIANCE_PEOPLE_NATURE"],"hierarchyPath":[{"id":"Herkku_00000326","name":"Suklaa","slug":"makeiset-ja-naposteltavat-1/karkkipussit/suklaa","__typename":"HierarchyPathItem"},{"id":"Herkku_00000055","name":"Karkkipussit","slug":"makeiset-ja-naposteltavat-1/karkkipussit","__typename":"HierarchyPathItem"},{"id":"Herkku_00000009","name":"Makeiset ja naposteltavat","slug":"makeiset-ja-naposteltavat-1","__typename":"HierarchyPathItem"}],"isGlobalFallback":null,"countryName":{"fi":"Alankomaat","__typename":"CountryName"}},{"id":"6420256016251","ean":"6420256016251","name":"Sisu Tuima Karkkipussi makeissekoitus 250g","price":2.99,"storeId":725782447,"__typename":"Product","approxPrice":false,"basicQuantityUnit":"KPL","comparisonPrice":11.96,"comparisonUnit":"KGM","consumerPackageSize":null,"consumerPackageUnit":null,"priceUnit":"KPL","quantityMultiplier":1,"brandName":"Sisu","slug":"sisu-tuima-karkkipussi-makeissekoitus-250g","isAgeLimitedByAlcohol":false,"frozen":false,"packagingLabels":[],"packagingLabelCodes":[],"hierarchyPath":[{"id":"Herkku_00000319","name":"Salmiakki","slug":"makeiset-ja-naposteltavat-1/karkkipussit/salmiakki","__typename":"HierarchyPathItem"},{"id":"Herkku_00000055","name":"Karkkipussit","slug":"makeiset-ja-naposteltavat-1/karkkipussit","__typename":"HierarchyPathItem"},{"id":"Herkku_00000009","name":"Makeiset ja naposteltavat","slug":"makeiset-ja-naposteltavat-1","__typename":"HierarchyPathItem"}],"isGlobalFallback":null,"countryName":{"fi":"Slovakia","__typename":"CountryName"}},{"id":"6420256016268","ean":"6420256016268","name":"Malaco Aakkoset  Karamelli Choco makeissekoitus 290g","price":2.79,"storeId":725782447,"__typename":"Product","approxPrice":false,"basicQuantityUnit":"KPL","comparisonPrice":9.62,"comparisonUnit":"KGM","consumerPackageSize":null,"consumerPackageUnit":null,"priceUnit":"KPL","quantityMultiplier":1,"brandName":"Aakkoset","slug":"malaco-aakkoset-karamelli-choco-makeissekoitus-290g","isAgeLimitedByAlcohol":false,"frozen":false,"packagingLabels":["Rainforest Alliance people & nature"," Rainforest alliance certified (Sammakko-merkki)"],"packagingLabelCodes":["RAINFOREST_ALLIANCE"," RAINFOREST_ALLIANCE_PEOPLE_NATURE"],"hierarchyPath":[{"id":"Herkku_00000326","name":"Suklaa","slug":"makeiset-ja-naposteltavat-1/karkkipussit/suklaa","__typename":"HierarchyPathItem"},{"id":"Herkku_00000055","name":"Karkkipussit","slug":"makeiset-ja-naposteltavat-1/karkkipussit","__typename":"HierarchyPathItem"},{"id":"Herkku_00000009","name":"Makeiset ja naposteltavat","slug":"makeiset-ja-naposteltavat-1","__typename":"HierarchyPathItem"}],"isGlobalFallback":null,"countryName":{"fi":"Alankomaat","__typename":"CountryName"}},{"id":"6420256016282","ean":"6420256016282","name":"Tupla Winter Cinnamon suklaapatukka 80g","price":1.35,"storeId":725782447,"__typename":"Product","approxPrice":false,"basicQuantityUnit":"KPL","comparisonPrice":16.88,"comparisonUnit":"KGM","consumerPackageSize":null,"consumerPackageUnit":null,"priceUnit":"KPL","quantityMultiplier":1,"brandName":"Tupla","slug":"tupla-winter-cinnamon-suklaapatukka-80g","isAgeLimitedByAlcohol":false,"frozen":false,"packagingLabels":["Rainforest Alliance people & nature"," Rainforest alliance certified (Sammakko-merkki)"],"packagingLabelCodes":["RAINFOREST_ALLIANCE"," RAINFOREST_ALLIANCE_PEOPLE_NATURE"],"hierarchyPath":[{"id":"Herkku_00000333","name":"Suklaapatukat","slug":"makeiset-ja-naposteltavat-1/suklaat/suklaapatukat","__typename":"HierarchyPathItem"},{"id":"Herkku_00000060","name":"Suklaat","slug":"makeiset-ja-naposteltavat-1/suklaat","__typename":"HierarchyPathItem"},{"id":"Herkku_00000009","name":"Makeiset ja naposteltavat","slug":"makeiset-ja-naposteltavat-1","__typename":"HierarchyPathItem"}],"isGlobalFallback":null,"countryName":{"fi":"Ruotsi","__typename":"CountryName"}},{"id":"6420256016312","ean":"6420256016312","name":"Jenkki Enjoy Mango-grapefruit ksylitolipurukumi 100g","price":3.19,"storeId":725782447,"__typename":"Product","approxPrice":false,"basicQuantityUnit":"KPL","comparisonPrice":31.9,"comparisonUnit":"KGM","consumerPackageSize":null,"consumerPackageUnit":null,"priceUnit":"KPL","quantityMultiplier":1,"brandName":"Jenkki Enjoy","slug":"jenkki-enjoy-mango-grapefruit-ksylitolipurukumi-100g","isAgeLimitedByAlcohol":false,"frozen":false,"packagingLabels":["Suomen hammaslääkäriliitto suosittelee ksylitolia"],"packagingLabelCodes":["SUOMEN_HAMMASLAAKARILIITTO_SUOSITTELEE_KSYLITOLIA"],"hierarchyPath":[{"id":"Herkku_00000331","name":"Purukumipussit","slug":"makeiset-ja-naposteltavat-1/purukumit/purukumipussit","__typename":"HierarchyPathItem"},{"id":"Herkku_00000059","name":"Purukumit","slug":"makeiset-ja-naposteltavat-1/purukumit","__typename":"HierarchyPathItem"},{"id":"Herkku_00000009","name":"Makeiset ja naposteltavat","slug":"makeiset-ja-naposteltavat-1","__typename":"HierarchyPathItem"}],"isGlobalFallback":null,"countryName":{"fi":"Alankomaat","__typename":"CountryName"}},{"id":"6420256016336","ean":"6420256016336","name":"Malaco Aakkoset Aito & Hedelmäinen Duo makeissekoitus 230g","price":2.85,"storeId":725782447,"__typename":"Product","approxPrice":false,"basicQuantityUnit":"KPL","comparisonPrice":12.39,"comparisonUnit":"KGM","consumerPackageSize":null,"consumerPackageUnit":null,"priceUnit":"KPL","quantityMultiplier":1,"brandName":"Malaco Aakkoset","slug":"malaco-aakkoset-aito-and-hedelmainen-duo-makeissekoitus-230g","isAgeLimitedByAlcohol":false,"frozen":false,"packagingLabels":[],"packagingLabelCodes":[],"hierarchyPath":[{"id":"Herkku_00000322","name":"Hedelmä","slug":"makeiset-ja-naposteltavat-1/karkkipussit/hedelma","__typename":"HierarchyPathItem"},{"id":"Herkku_00000055","name":"Karkkipussit","slug":"makeiset-ja-naposteltavat-1/karkkipussit","__typename":"HierarchyPathItem"},{"id":"Herkku_00000009","name":"Makeiset ja naposteltavat","slug":"makeiset-ja-naposteltavat-1","__typename":"HierarchyPathItem"}],"isGlobalFallback":null,"countryName":{"fi":"Alankomaat","__typename":"CountryName"}},{"id":"6420256016343","ean":"6420256016343","name":"Malaco TV Mix Hedelmä makeissekoitus 325g","price":2.59,"storeId":725782447,"__typename":"Product","approxPrice":false,"basicQuantityUnit":"KPL","comparisonPrice":7.97,"comparisonUnit":"KGM","consumerPackageSize":null,"consumerPackageUnit":null,"priceUnit":"KPL","quantityMultiplier":1,"brandName":"Malaco TV Mix","slug":"malaco-tv-mix-hedelma-makeissekoitus-325g","isAgeLimitedByAlcohol":false,"frozen":false,"packagingLabels":[],"packagingLabelCodes":[],"hierarchyPath":[{"id":"Herkku_00000322","name":"Hedelmä","slug":"makeiset-ja-naposteltavat-1/karkkipussit/hedelma","__typename":"HierarchyPathItem"},{"id":"Herkku_00000055","name":"Karkkipussit","slug":"makeiset-ja-naposteltavat-1/karkkipussit","__typename":"HierarchyPathItem"},{"id":"Herkku_00000009","name":"Makeiset ja naposteltavat","slug":"makeiset-ja-naposteltavat-1","__typename":"HierarchyPathItem"}],"isGlobalFallback":null,"countryName":{"fi":"Slovakia","__typename":"CountryName"}},{"id":"6420256016374","ean":"6420256016374","name":"Sisu Ruletti pastilli 47g","price":2.25,"storeId":725782447,"__typename":"Product","approxPrice":false,"basicQuantityUnit":"KPL","comparisonPrice":47.87,"comparisonUnit":"KGM","consumerPackageSize":null,"consumerPackageUnit":null,"priceUnit":"KPL","quantityMultiplier":1,"brandName":"Sisu","slug":"sisu-ruletti-pastilli-47g","isAgeLimitedByAlcohol":false,"frozen":false,"packagingLabels":[],"packagingLabelCodes":[],"hierarchyPath":[{"id":"Herkku_00000329","name":"Muut pastillit","slug":"makeiset-ja-naposteltavat-1/pastillit/muut-pastillit","__typename":"HierarchyPathItem"},{"id":"Herkku_00000058","name":"Pastillit","slug":"makeiset-ja-naposteltavat-1/pastillit","__typename":"HierarchyPathItem"},{"id":"Herkku_00000009","name":"Makeiset ja naposteltavat","slug":"makeiset-ja-naposteltavat-1","__typename":"HierarchyPathItem"}],"isGlobalFallback":null,"countryName":{"fi":"Italia","__typename":"CountryName"}},{"id":"6420256016381","ean":"6420256016381","name":"Mynthon Appelsiini-Inkivääri kurkkupastilli 85g","price":2.49,"storeId":725782447,"__typename":"Product","approxPrice":false,"basicQuantityUnit":"KPL","comparisonPrice":29.29,"comparisonUnit":"KGM","consumerPackageSize":null,"consumerPackageUnit":null,"priceUnit":"KPL","quantityMultiplier":1,"brandName":"Mynthon","slug":"mynthon-appelsiini-inkivaari-kurkkupastilli-85g","isAgeLimitedByAlcohol":false,"frozen":false,"packagingLabels":[],"packagingLabelCodes":[],"hierarchyPath":[{"id":"Herkku_00000327","name":"Kurkkupastillit","slug":"makeiset-ja-naposteltavat-1/pastillit/kurkkupastillit","__typename":"HierarchyPathItem"},{"id":"Herkku_00000058","name":"Pastillit","slug":"makeiset-ja-naposteltavat-1/pastillit","__typename":"HierarchyPathItem"},{"id":"Herkku_00000009","name":"Makeiset ja naposteltavat","slug":"makeiset-ja-naposteltavat-1","__typename":"HierarchyPathItem"}],"isGlobalFallback":null,"countryName":{"fi":"Slovakia","__typename":"CountryName"}},{"id":"6420256016510","ean":"6420256016510","name":"Malaco Aakkoset Hedelmä makeissekoitus 340g","price":2.79,"storeId":725782447,"__typename":"Product","approxPrice":false,"basicQuantityUnit":"KPL","comparisonPrice":8.21,"comparisonUnit":"KGM","consumerPackageSize":null,"consumerPackageUnit":null,"priceUnit":"KPL","quantityMultiplier":1,"brandName":"Malaco Aakkoset","slug":"malaco-aakkoset-hedelma-makeissekoitus-340g","isAgeLimitedByAlcohol":false,"frozen":false,"packagingLabels":[],"packagingLabelCodes":[],"hierarchyPath":[{"id":"Herkku_00000322","name":"Hedelmä","slug":"makeiset-ja-naposteltavat-1/karkkipussit/hedelma","__typename":"HierarchyPathItem"},{"id":"Herkku_00000055","name":"Karkkipussit","slug":"makeiset-ja-naposteltavat-1/karkkipussit","__typename":"HierarchyPathItem"},{"id":"Herkku_00000009","name":"Makeiset ja naposteltavat","slug":"makeiset-ja-naposteltavat-1","__typename":"HierarchyPathItem"}],"isGlobalFallback":null,"countryName":{"fi":"Alankomaat","__typename":"CountryName"}},{"id":"6420256016527","ean":"6420256016527","name":"Malaco Aakkoset Sirkus makeissekoitus 340g","price":2.79,"storeId":725782447,"__typename":"Product","approxPrice":false,"basicQuantityUnit":"KPL","comparisonPrice":8.21,"comparisonUnit":"KGM","consumerPackageSize":null,"consumerPackageUnit":null,"priceUnit":"KPL","quantityMultiplier":1,"brandName":"Malaco Aakkoset","slug":"malaco-aakkoset-sirkus-makeissekoitus-340g","isAgeLimitedByAlcohol":false,"frozen":false,"packagingLabels":[],"packagingLabelCodes":[],"hierarchyPath":[{"id":"Herkku_00000322","name":"Hedelmä","slug":"makeiset-ja-naposteltavat-1/karkkipussit/hedelma","__typename":"HierarchyPathItem"},{"id":"Herkku_00000055","name":"Karkkipussit","slug":"makeiset-ja-naposteltavat-1/karkkipussit","__typename":"HierarchyPathItem"},{"id":"Herkku_00000009","name":"Makeiset ja naposteltavat","slug":"makeiset-ja-naposteltavat-1","__typename":"HierarchyPathItem"}],"isGlobalFallback":null,"countryName":{"fi":"Alankomaat","__typename":"CountryName"}},{"id":"6420400000310","ean":"6420400000310","name":"Linkosuo Ruissipsi 150g makea chili","price":3.19,"storeId":725782447,"__typename":"Product","approxPrice":false,"basicQuantityUnit":"KPL","comparisonPrice":21.27,"comparisonUnit":"KGM","consumerPackageSize":null,"consumerPackageUnit":null,"priceUnit":"KPL","quantityMultiplier":1,"brandName":"Linkosuo","slug":"linkosuo-ruissipsi-150g-makea-chili","isAgeLimitedByAlcohol":false,"frozen":false,"packagingLabels":["Avainlippu"," Kierrätysmerkki"],"packagingLabelCodes":["MADE_IN_FINLAND_FLAG_WITH_KEY"," RECYCLABLE_GENERAL_CLAIM"],"hierarchyPath":[{"id":"Herkku_00000313","name":"Naposteltavat kuivat leivät","slug":"leivat-keksit-ja-leivonnaiset-1/nakkileivat-ja-hapankorput/naposteltavat-kuivat-leivat","__typename":"HierarchyPathItem"},{"id":"Herkku_00000052","name":"Näkkileivät ja hapankorput","slug":"leivat-keksit-ja-leivonnaiset-1/nakkileivat-ja-hapankorput","__typename":"HierarchyPathItem"},{"id":"Herkku_00000008","name":"Leivät, keksit ja leivonnaiset","slug":"leivat-keksit-ja-leivonnaiset-1","__typename":"HierarchyPathItem"}],"isGlobalFallback":null,"countryName":{"fi":"Suomi","__typename":"CountryName"}},{"id":"6420400000341","ean":"6420400000341","name":"Linkosuo Ruissipsi Aito 150g","price":3.19,"storeId":725782447,"__typename":"Product","approxPrice":false,"basicQuantityUnit":"KPL","comparisonPrice":21.27,"comparisonUnit":"KGM","consumerPackageSize":null,"consumerPackageUnit":null,"priceUnit":"KPL","quantityMultiplier":1,"brandName":"Linkosuo","slug":"linkosuo-ruissipsi-aito-150g","isAgeLimitedByAlcohol":false,"frozen":false,"packagingLabels":["Avainlippu"," Kierrätysmerkki"],"packagingLabelCodes":["MADE_IN_FINLAND_FLAG_WITH_KEY"," RECYCLABLE_GENERAL_CLAIM"],"hierarchyPath":[{"id":"Herkku_00000313","name":"Naposteltavat kuivat leivät","slug":"leivat-keksit-ja-leivonnaiset-1/nakkileivat-ja-hapankorput/naposteltavat-kuivat-leivat","__typename":"HierarchyPathItem"},{"id":"Herkku_00000052","name":"Näkkileivät ja hapankorput","slug":"leivat-keksit-ja-leivonnaiset-1/nakkileivat-ja-hapankorput","__typename":"HierarchyPathItem"},{"id":"Herkku_00000008","name":"Leivät, keksit ja leivonnaiset","slug":"leivat-keksit-ja-leivonnaiset-1","__typename":"HierarchyPathItem"}],"isGlobalFallback":null,"countryName":{"fi":"Suomi","__typename":"CountryName"}},{"id":"6420400000358","ean":"6420400000358","name":"Linkosuo Ruissipsi valkosipuli 150g","price":3.19,"storeId":725782447,"__typename":"Product","approxPrice":false,"basicQuantityUnit":"KPL","comparisonPrice":21.27,"comparisonUnit":"KGM","consumerPackageSize":null,"consumerPackageUnit":null,"priceUnit":"KPL","quantityMultiplier":1,"brandName":"Linkosuo","slug":"linkosuo-ruissipsi-valkosipuli-150g","isAgeLimitedByAlcohol":false,"frozen":false,"packagingLabels":["Avainlippu"," Kierrätysmerkki"],"packagingLabelCodes":["MADE_IN_FINLAND_FLAG_WITH_KEY"," RECYCLABLE_GENERAL_CLAIM"],"hierarchyPath":[{"id":"Herkku_00000313","name":"Naposteltavat kuivat leivät","slug":"leivat-keksit-ja-leivonnaiset-1/nakkileivat-ja-hapankorput/naposteltavat-kuivat-leivat","__typename":"HierarchyPathItem"},{"id":"Herkku_00000052","name":"Näkkileivät ja hapankorput","slug":"leivat-keksit-ja-leivonnaiset-1/nakkileivat-ja-hapankorput","__typename":"HierarchyPathItem"},{"id":"Herkku_00000008","name":"Leivät, keksit ja leivonnaiset","slug":"leivat-keksit-ja-leivonnaiset-1","__typename":"HierarchyPathItem"}],"isGlobalFallback":null,"countryName":{"fi":"Suomi","__typename":"CountryName"}},{"id":"6420400000372","ean":"6420400000372","name":"Linkosuo Ruissipsi 150g sour cream","price":3.19,"storeId":725782447,"__typename":"Product","approxPrice":false,"basicQuantityUnit":"KPL","comparisonPrice":21.27,"comparisonUnit":"KGM","consumerPackageSize":null,"consumerPackageUnit":null,"priceUnit":"KPL","quantityMultiplier":1,"brandName":"Linkosuo","slug":"linkosuo-ruissipsi-150g-sour-cream","isAgeLimitedByAlcohol":false,"frozen":false,"packagingLabels":["Avainlippu"," Kierrätysmerkki"],"packagingLabelCodes":["MADE_IN_FINLAND_FLAG_WITH_KEY"," RECYCLABLE_GENERAL_CLAIM"],"hierarchyPath":[{"id":"Herkku_00000313","name":"Naposteltavat kuivat leivät","slug":"leivat-keksit-ja-leivonnaiset-1/nakkileivat-ja-hapankorput/naposteltavat-kuivat-leivat","__typename":"HierarchyPathItem"},{"id":"Herkku_00000052","name":"Näkkileivät ja hapankorput","slug":"leivat-keksit-ja-leivonnaiset-1/nakkileivat-ja-hapankorput","__typename":"HierarchyPathItem"},{"id":"Herkku_00000008","name":"Leivät, keksit ja leivonnaiset","slug":"leivat-keksit-ja-leivonnaiset-1","__typename":"HierarchyPathItem"}],"isGlobalFallback":null,"countryName":{"fi":"Suomi","__typename":"CountryName"}},{"id":"6420610111974","ean":"6420610111974","name":"Bonne Premium Mangosose 0,5L","price":3.29,"storeId":725782447,"__typename":"Product","approxPrice":false,"basicQuantityUnit":"KPL","comparisonPrice":6.58,"comparisonUnit":"LTR","consumerPackageSize":null,"consumerPackageUnit":null,"priceUnit":"KPL","quantityMultiplier":1,"brandName":"Bonne","slug":"bonne-premium-mangosose-0-5l","isAgeLimitedByAlcohol":false,"frozen":false,"packagingLabels":["Avainlippu"," Sydänmerkki"," V Label Vegan"],"packagingLabelCodes":["EUROPEAN_V_LABEL_VEGAN"," FINNISH_HEART_SYMBOL"," MADE_IN_FINLAND_FLAG_WITH_KEY"],"hierarchyPath":[{"id":"1591691238458406","name":"Soseet","slug":"kuivatuotteet-ja-leivonta-1/hillot-ja-marmeladit/soseet","__typename":"HierarchyPathItem"},{"id":"Herkku_00000064","name":"Hillot ja marmeladit","slug":"kuivatuotteet-ja-leivonta-1/hillot-ja-marmeladit","__typename":"HierarchyPathItem"},{"id":"Herkku_00000007","name":"Kuivatuotteet ja leivonta","slug":"kuivatuotteet-ja-leivonta-1","__typename":"HierarchyPathItem"}],"isGlobalFallback":null,"countryName":{"fi":"Suomi","__typename":"CountryName"}},{"id":"6420610113312","ean":"6420610113312","name":"Bonne Premium mustikkamehu 1L","price":2.5,"storeId":725782447,"__typename":"Product","approxPrice":false,"basicQuantityUnit":"KPL","comparisonPrice":2.5,"comparisonUnit":"LTR","consumerPackageSize":null,"consumerPackageUnit":null,"priceUnit":"KPL","quantityMultiplier":1,"brandName":"Bonne","slug":"bonne-premium-mustikkamehu-1l","isAgeLimitedByAlcohol":false,"frozen":false,"packagingLabels":[],"packagingLabelCodes":[],"hierarchyPath":[{"id":"Herkku_00000666","name":"Muut mehut","slug":"juomat-1/mehut/muut-mehut","__typename":"HierarchyPathItem"},{"id":"Herkku_00000120","name":"Mehut","slug":"juomat-1/mehut","__typename":"HierarchyPathItem"},{"id":"Herkku_00000005","name":"Juomat","slug":"juomat-1","__typename":"HierarchyPathItem"}],"isGlobalFallback":null,"countryName":{"fi":"Suomi","__typename":"CountryName"}},{"id":"6420612183481","ean":"6420612183481","name":"Ibero Kynsiviila hiekka väri 6kpl","price":1.5,"storeId":725782447,"__typename":"Product","approxPrice":false,"basicQuantityUnit":"KPL","comparisonPrice":0.25,"comparisonUnit":"PCE","consumerPackageSize":null,"consumerPackageUnit":null,"priceUnit":"KPL","quantityMultiplier":1,"brandName":"Ibero","slug":"ibero-kynsiviila-hiekka-vari-6kpl","isAgeLimitedByAlcohol":false,"frozen":false,"packagingLabels":[],"packagingLabelCodes":[],"hierarchyPath":[{"id":"1591691233832768","name":"Kynsienhoitovälineet","slug":"kosmetiikka-ja-hygienia/muut-kosmetiikka-ja-hygieniatuotteet/kynsienhoitovalineet","__typename":"HierarchyPathItem"},{"id":"1591691233832153","name":"Muut kosmetiikka ja hygieniatuotteet","slug":"kosmetiikka-ja-hygienia/muut-kosmetiikka-ja-hygieniatuotteet","__typename":"HierarchyPathItem"},{"id":"1591691233334707","name":"Kosmetiikka ja hygienia","slug":"kosmetiikka-ja-hygienia","__typename":"HierarchyPathItem"}],"isGlobalFallback":null,"countryName":{"fi":"Kiina","__typename":"CountryName"}},{"id":"6420612189681","ean":"6420612189681","name":"Ibero Kynsiharja värikäs","price":1.19,"storeId":725782447,"__typename":"Product","approxPrice":false,"basicQuantityUnit":"KPL","comparisonPrice":1.19,"comparisonUnit":"PCE","consumerPackageSize":null,"consumerPackageUnit":null,"priceUnit":"KPL","quantityMultiplier":1,"brandName":"Ibero","slug":"ibero-kynsiharja-varikas","isAgeLimitedByAlcohol":false,"frozen":false,"packagingLabels":[],"packagingLabelCodes":[],"hierarchyPath":[{"id":"1591691233415993","name":"Muut saippuat ja pesutarvikkeet","slug":"kosmetiikka-ja-hygienia/saippuat-ja-pesutarvikkeet/muut-saippuat-ja-pesutarvikkeet","__typename":"HierarchyPathItem"},{"id":"1591691233415959","name":"Saippuat ja pesutarvikkeet","slug":"kosmetiikka-ja-hygienia/saippuat-ja-pesutarvikkeet","__typename":"HierarchyPathItem"},{"id":"1591691233334707","name":"Kosmetiikka ja hygienia","slug":"kosmetiikka-ja-hygienia","__typename":"HierarchyPathItem"}],"isGlobalFallback":null,"countryName":{"fi":"Kiina","__typename":"CountryName"}},{"id":"6420613934693","ean":"6420613934693","name":"Marsalkka Lager 4,6% olut 0,5l tölkki","price":2.29,"storeId":725782447,"__typename":"Product","approxPrice":false,"basicQuantityUnit":"KPL","comparisonPrice":4.28,"comparisonUnit":"LTR","consumerPackageSize":null,"consumerPackageUnit":null,"priceUnit":"KPL","quantityMultiplier":1,"brandName":"Marsalkka","slug":"marsalkka-lager-4-6-olut-0-5l-tolkki","isAgeLimitedByAlcohol":true,"frozen":false,"packagingLabels":["Avainlippu"," Kierrätysmerkki"],"packagingLabelCodes":["MADE_IN_FINLAND_FLAG_WITH_KEY"," RECYCLABLE_GENERAL_CLAIM"],"hierarchyPath":[{"id":"Herkku_00000818","name":"Vaalea lager olut","slug":"juomat-1/oluet/vaalea-lager-olut","__typename":"HierarchyPathItem"},{"id":"Herkku_00000135","name":"Oluet","slug":"juomat-1/oluet","__typename":"HierarchyPathItem"},{"id":"Herkku_00000005","name":"Juomat","slug":"juomat-1","__typename":"HierarchyPathItem"}],"isGlobalFallback":null,"countryName":{"fi":"Suomi","__typename":"CountryName"}},{"id":"6420613937830","ean":"6420613937830","name":"Saimaa Classic Sun Lager 4,2% olut 0,5l tölkki","price":2.39,"storeId":725782447,"__typename":"Product","approxPrice":false,"basicQuantityUnit":"KPL","comparisonPrice":4.48,"comparisonUnit":"LTR","consumerPackageSize":null,"consumerPackageUnit":null,"priceUnit":"KPL","quantityMultiplier":1,"brandName":"Saimaan Juomatehdas","slug":"saimaa-classic-sun-lager-4-2-olut-0-5l-tolkki","isAgeLimitedByAlcohol":true,"frozen":false,"packagingLabels":["Avainlippu"," Kierrätysmerkki"],"packagingLabelCodes":["MADE_IN_FINLAND_FLAG_WITH_KEY"," RECYCLABLE_GENERAL_CLAIM"],"hierarchyPath":[{"id":"Herkku_00000818","name":"Vaalea lager olut","slug":"juomat-1/oluet/vaalea-lager-olut","__typename":"HierarchyPathItem"},{"id":"Herkku_00000135","name":"Oluet","slug":"juomat-1/oluet","__typename":"HierarchyPathItem"},{"id":"Herkku_00000005","name":"Juomat","slug":"juomat-1","__typename":"HierarchyPathItem"}],"isGlobalFallback":null,"countryName":{"fi":"Suomi","__typename":"CountryName"}},{"id":"6420613937878","ean":"6420613937878","name":"Brewer's Classic Blonde Ale 4,2% olut 0,5l tölkki","price":2.4499999999999997,"storeId":725782447,"__typename":"Product","approxPrice":false,"basicQuantityUnit":"KPL","comparisonPrice":4.6,"comparisonUnit":"LTR","consumerPackageSize":null,"consumerPackageUnit":null,"priceUnit":"KPL","quantityMultiplier":1,"brandName":"Saimaan Juomatehdas","slug":"brewers-classic-blonde-ale-4-2-olut-0-5l-tolkki","isAgeLimitedByAlcohol":true,"frozen":false,"packagingLabels":[],"packagingLabelCodes":[],"hierarchyPath":[{"id":"Herkku_00000821","name":"Ale-olut","slug":"juomat-1/oluet/ale-olut","__typename":"HierarchyPathItem"},{"id":"Herkku_00000135","name":"Oluet","slug":"juomat-1/oluet","__typename":"HierarchyPathItem"},{"id":"Herkku_00000005","name":"Juomat","slug":"juomat-1","__typename":"HierarchyPathItem"}],"isGlobalFallback":null,"countryName":{"fi":"Suomi","__typename":"CountryName"}},{"id":"6420615455233","ean":"6420615455233","name":"Vanajan Kaurakeksi 350g","price":2.35,"storeId":725782447,"__typename":"Product","approxPrice":false,"basicQuantityUnit":"KPL","comparisonPrice":6.71,"comparisonUnit":"KGM","consumerPackageSize":null,"consumerPackageUnit":null,"priceUnit":"KPL","quantityMultiplier":1,"brandName":"Vanajan","slug":"vanajan-kaurakeksi-350g","isAgeLimitedByAlcohol":false,"frozen":false,"packagingLabels":[],"packagingLabelCodes":[],"hierarchyPath":[{"id":"Herkku_00000369","name":"Muut keksit ja kahvikeksit","slug":"leivat-keksit-ja-leivonnaiset-1/keksit/muut-keksit-ja-kahvikeksit","__typename":"HierarchyPathItem"},{"id":"Herkku_00000065","name":"Keksit","slug":"leivat-keksit-ja-leivonnaiset-1/keksit","__typename":"HierarchyPathItem"},{"id":"Herkku_00000008","name":"Leivät, keksit ja leivonnaiset","slug":"leivat-keksit-ja-leivonnaiset-1","__typename":"HierarchyPathItem"}],"isGlobalFallback":null,"countryName":{"fi":"Suomi","__typename":"CountryName"}},{"id":"6420615455264","ean":"6420615455264","name":"Vanajan Suklaasade suklaahippukeksi 350g","price":2.19,"storeId":725782447,"__typename":"Product","approxPrice":false,"basicQuantityUnit":"KPL","comparisonPrice":6.26,"comparisonUnit":"KGM","consumerPackageSize":null,"consumerPackageUnit":null,"priceUnit":"KPL","quantityMultiplier":1,"brandName":"Vanajan","slug":"vanajan-suklaasade-suklaahippukeksi-350g","isAgeLimitedByAlcohol":false,"frozen":false,"packagingLabels":["Avainlippu"," Sydänmerkki"],"packagingLabelCodes":["FINNISH_HEART_SYMBOL"," MADE_IN_FINLAND_FLAG_WITH_KEY"],"hierarchyPath":[{"id":"Herkku_00000369","name":"Muut keksit ja kahvikeksit","slug":"leivat-keksit-ja-leivonnaiset-1/keksit/muut-keksit-ja-kahvikeksit","__typename":"HierarchyPathItem"},{"id":"Herkku_00000065","name":"Keksit","slug":"leivat-keksit-ja-leivonnaiset-1/keksit","__typename":"HierarchyPathItem"},{"id":"Herkku_00000008","name":"Leivät, keksit ja leivonnaiset","slug":"leivat-keksit-ja-leivonnaiset-1","__typename":"HierarchyPathItem"}],"isGlobalFallback":null,"countryName":{"fi":"Suomi","__typename":"CountryName"}},{"id":"6420615460893","ean":"6420615460893","name":"Hesburger Talon salaatinkastike 375ml","price":3.25,"storeId":725782447,"__typename":"Product","approxPrice":false,"basicQuantityUnit":"KPL","comparisonPrice":8.67,"comparisonUnit":"LTR","consumerPackageSize":null,"consumerPackageUnit":null,"priceUnit":"KPL","quantityMultiplier":1,"brandName":"Hesburger","slug":"hesburger-talon-salaatinkastike-375ml","isAgeLimitedByAlcohol":false,"frozen":false,"packagingLabels":[],"packagingLabelCodes":[],"hierarchyPath":[{"id":"Herkku_00000076","name":"Salaatinkastikkeet","slug":"oljyt-mausteet-maustaminen-1/salaatinkastikkeet","__typename":"HierarchyPathItem"},{"id":"Herkku_00000011","name":"Öljyt, mausteet, maustaminen","slug":"oljyt-mausteet-maustaminen-1","__typename":"HierarchyPathItem"}],"isGlobalFallback":null,"countryName":{"fi":"Suomi","__typename":"CountryName"}},{"id":"6420616980703","ean":"6420616980703","name":"Apetit 500ml rypsiöljy","price":2.75,"storeId":725782447,"__typename":"Product","approxPrice":false,"basicQuantityUnit":"KPL","comparisonPrice":5.5,"comparisonUnit":"LTR","consumerPackageSize":null,"consumerPackageUnit":null,"priceUnit":"KPL","quantityMultiplier":1,"brandName":"Apetit","slug":"apetit-500ml-rypsioljy","isAgeLimitedByAlcohol":false,"frozen":false,"packagingLabels":[],"packagingLabelCodes":[],"hierarchyPath":[{"id":"Herkku_00000441","name":"Rypsiöljyt","slug":"oljyt-mausteet-maustaminen-1/oljyt/rypsioljyt","__typename":"HierarchyPathItem"},{"id":"Herkku_00000081","name":"Öljyt","slug":"oljyt-mausteet-maustaminen-1/oljyt","__typename":"HierarchyPathItem"},{"id":"Herkku_00000011","name":"Öljyt, mausteet, maustaminen","slug":"oljyt-mausteet-maustaminen-1","__typename":"HierarchyPathItem"}],"isGlobalFallback":null,"countryName":{"fi":"Suomi","__typename":"CountryName"}},{"id":"6420900004788","ean":"6420900004788","name":"Halva Sokeriton Salmiakkiruutu 90 g","price":2.49,"storeId":725782447,"__typename":"Product","approxPrice":false,"basicQuantityUnit":"KPL","comparisonPrice":27.67,"comparisonUnit":"KGM","consumerPackageSize":null,"consumerPackageUnit":null,"priceUnit":"KPL","quantityMultiplier":1,"brandName":"Halva","slug":"halva-sokeriton-salmiakkiruutu-90-g","isAgeLimitedByAlcohol":false,"frozen":false,"packagingLabels":[],"packagingLabelCodes":[],"hierarchyPath":[{"id":"Herkku_00000325","name":"Salmiakki ja lakritsi","slug":"makeiset-ja-naposteltavat-1/karkkipussit/salmiakki-ja-lakritsi","__typename":"HierarchyPathItem"},{"id":"Herkku_00000055","name":"Karkkipussit","slug":"makeiset-ja-naposteltavat-1/karkkipussit","__typename":"HierarchyPathItem"},{"id":"Herkku_00000009","name":"Makeiset ja naposteltavat","slug":"makeiset-ja-naposteltavat-1","__typename":"HierarchyPathItem"}],"isGlobalFallback":null,"countryName":{"fi":"Suomi","__typename":"CountryName"}},{"id":"6420900007239","ean":"6420900007239","name":"Halva Vanhat Autot salmiakki 15 g","price":0.35,"storeId":725782447,"__typename":"Product","approxPrice":false,"basicQuantityUnit":"KPL","comparisonPrice":23.33,"comparisonUnit":"KGM","consumerPackageSize":null,"consumerPackageUnit":null,"priceUnit":"KPL","quantityMultiplier":1,"brandName":"Halva","slug":"halva-vanhat-autot-salmiakki-15-g","isAgeLimitedByAlcohol":false,"frozen":false,"packagingLabels":[],"packagingLabelCodes":[],"hierarchyPath":[{"id":"Herkku_00000325","name":"Salmiakki ja lakritsi","slug":"makeiset-ja-naposteltavat-1/karkkipussit/salmiakki-ja-lakritsi","__typename":"HierarchyPathItem"},{"id":"Herkku_00000055","name":"Karkkipussit","slug":"makeiset-ja-naposteltavat-1/karkkipussit","__typename":"HierarchyPathItem"},{"id":"Herkku_00000009","name":"Makeiset ja naposteltavat","slug":"makeiset-ja-naposteltavat-1","__typename":"HierarchyPathItem"}],"isGlobalFallback":null,"countryName":{"fi":"Suomi","__typename":"CountryName"}},{"id":"6420900007413","ean":"6420900007413","name":"Halva Suklaalakukuulat salmiakki 130 g","price":3.25,"storeId":725782447,"__typename":"Product","approxPrice":false,"basicQuantityUnit":"KPL","comparisonPrice":25,"comparisonUnit":"KGM","consumerPackageSize":null,"consumerPackageUnit":null,"priceUnit":"KPL","quantityMultiplier":1,"brandName":"Halva","slug":"halva-suklaalakukuulat-salmiakki-130-g","isAgeLimitedByAlcohol":false,"frozen":false,"packagingLabels":[],"packagingLabelCodes":[],"hierarchyPath":[{"id":"Herkku_00000318","name":"Lakritsi","slug":"makeiset-ja-naposteltavat-1/muut-makeiset/lakritsi","__typename":"HierarchyPathItem"},{"id":"Herkku_00000057","name":"Muut makeiset","slug":"makeiset-ja-naposteltavat-1/muut-makeiset","__typename":"HierarchyPathItem"},{"id":"Herkku_00000009","name":"Makeiset ja naposteltavat","slug":"makeiset-ja-naposteltavat-1","__typename":"HierarchyPathItem"}],"isGlobalFallback":null,"countryName":{"fi":"Ruotsi","__typename":"CountryName"}},{"id":"6423800034794","ean":"6423800034794","name":"Sini sieniliina kostea 18x20cm 3kpl","price":1.89,"storeId":725782447,"__typename":"Product","approxPrice":false,"basicQuantityUnit":"KPL","comparisonPrice":0.63,"comparisonUnit":"PCE","consumerPackageSize":null,"consumerPackageUnit":null,"priceUnit":"KPL","quantityMultiplier":1,"brandName":"SINI","slug":"sini-sieniliina-kostea-18x20cm-3kpl","isAgeLimitedByAlcohol":false,"frozen":false,"packagingLabels":[],"packagingLabelCodes":[],"hierarchyPath":[{"id":"1591691234596271","name":"Tiskirätit ja sienet","slug":"kodinhoito-ja-taloustarvikkeet/astianpesu/tiskiratit-ja-sienet","__typename":"HierarchyPathItem"},{"id":"1591691234596262","name":"Astianpesu","slug":"kodinhoito-ja-taloustarvikkeet/astianpesu","__typename":"HierarchyPathItem"},{"id":"1591691234596256","name":"Kodinhoito ja taloustarvikkeet","slug":"kodinhoito-ja-taloustarvikkeet","__typename":"HierarchyPathItem"}],"isGlobalFallback":null,"countryName":{"fi":"Saksa","__typename":"CountryName"}},{"id":"6424200010814","ean":"6424200010814","name":"Leivon Leipomo Ruisvarras 230g ruisleipä halkaistu","price":1.39,"storeId":725782447,"__typename":"Product","approxPrice":false,"basicQuantityUnit":"KPL","comparisonPrice":6.04,"comparisonUnit":"KGM","consumerPackageSize":null,"consumerPackageUnit":null,"priceUnit":"KPL","quantityMultiplier":1,"brandName":"Leivon Leipomo","slug":"leivon-leipomo-ruisvarras-230g-ruisleipa-halkaistu","isAgeLimitedByAlcohol":false,"frozen":false,"packagingLabels":["Avainlippu"],"packagingLabelCodes":["MADE_IN_FINLAND_FLAG_WITH_KEY"],"hierarchyPath":[{"id":"StructureGroup_507756644163854","name":"Tummat leivät","slug":"leivat-keksit-ja-leivonnaiset-1/leivat/tummat-leivat","__typename":"HierarchyPathItem"},{"id":"StructureGroup_1796559627347513","name":"Leivät","slug":"leivat-keksit-ja-leivonnaiset-1/leivat","__typename":"HierarchyPathItem"},{"id":"Herkku_00000008","name":"Leivät, keksit ja leivonnaiset","slug":"leivat-keksit-ja-leivonnaiset-1","__typename":"HierarchyPathItem"}],"isGlobalFallback":null,"countryName":{"fi":"Suomi","__typename":"CountryName"}},{"id":"6424200011712","ean":"6424200011712","name":"Leivon Leipomo Ruispala 4 kpl 240g 100% täysjyväruisleipä","price":1.49,"storeId":725782447,"__typename":"Product","approxPrice":false,"basicQuantityUnit":"KPL","comparisonPrice":6.21,"comparisonUnit":"KGM","consumerPackageSize":null,"consumerPackageUnit":null,"priceUnit":"KPL","quantityMultiplier":1,"brandName":"Leivon","slug":"leivon-leipomo-ruispala-4-kpl-240g-100-taysjyvaruisleipa","isAgeLimitedByAlcohol":false,"frozen":false,"packagingLabels":["Avainlippu"," Sydänmerkki"],"packagingLabelCodes":["FINNISH_HEART_SYMBOL"," MADE_IN_FINLAND_FLAG_WITH_KEY"],"hierarchyPath":[{"id":"StructureGroup_507756644163854","name":"Tummat leivät","slug":"leivat-keksit-ja-leivonnaiset-1/leivat/tummat-leivat","__typename":"HierarchyPathItem"},{"id":"StructureGroup_1796559627347513","name":"Leivät","slug":"leivat-keksit-ja-leivonnaiset-1/leivat","__typename":"HierarchyPathItem"},{"id":"Herkku_00000008","name":"Leivät, keksit ja leivonnaiset","slug":"leivat-keksit-ja-leivonnaiset-1","__typename":"HierarchyPathItem"}],"isGlobalFallback":null,"countryName":{"fi":"Suomi","__typename":"CountryName"}},{"id":"6424200014614","ean":"6424200014614","name":"Leivon Leipomo PATRIK Jälkiuuniruispala 380g, 6 kpl jälkiuuniruisleipä halkaistu","price":1.59,"storeId":725782447,"__typename":"Product","approxPrice":false,"basicQuantityUnit":"KPL","comparisonPrice":4.24,"comparisonUnit":"KGM","consumerPackageSize":null,"consumerPackageUnit":null,"priceUnit":"KPL","quantityMultiplier":1,"brandName":"Leivon Leipomo","slug":"leivon-leipomo-patrik-jalkiuuniruispala-380g-6-kpl-jalkiuuniruisleipa-halkaistu","isAgeLimitedByAlcohol":false,"frozen":false,"packagingLabels":[],"packagingLabelCodes":[],"hierarchyPath":[{"id":"StructureGroup_507756644163854","name":"Tummat leivät","slug":"leivat-keksit-ja-leivonnaiset-1/leivat/tummat-leivat","__typename":"HierarchyPathItem"},{"id":"StructureGroup_1796559627347513","name":"Leivät","slug":"leivat-keksit-ja-leivonnaiset-1/leivat","__typename":"HierarchyPathItem"},{"id":"Herkku_00000008","name":"Leivät, keksit ja leivonnaiset","slug":"leivat-keksit-ja-leivonnaiset-1","__typename":"HierarchyPathItem"}],"isGlobalFallback":null,"countryName":{"fi":"Suomi","__typename":"CountryName"}},{"id":"6424200019510","ean":"6424200019510","name":"Leivon Leipomo Perinteinen Tumma Joululimppu 550g maustettu sekaleipä viipaloitu","price":2.59,"storeId":725782447,"__typename":"Product","approxPrice":false,"basicQuantityUnit":"KPL","comparisonPrice":4.71,"comparisonUnit":"KGM","consumerPackageSize":null,"consumerPackageUnit":null,"priceUnit":"KPL","quantityMultiplier":1,"brandName":"Leivon Leipomo","slug":"leivon-leipomo-perinteinen-tumma-joululimppu-550g-maustettu-sekaleipa-viipaloitu","isAgeLimitedByAlcohol":false,"frozen":false,"packagingLabels":[],"packagingLabelCodes":[],"hierarchyPath":[{"id":"StructureGroup_507756644163854","name":"Tummat leivät","slug":"leivat-keksit-ja-leivonnaiset-1/leivat/tummat-leivat","__typename":"HierarchyPathItem"},{"id":"StructureGroup_1796559627347513","name":"Leivät","slug":"leivat-keksit-ja-leivonnaiset-1/leivat","__typename":"HierarchyPathItem"},{"id":"Herkku_00000008","name":"Leivät, keksit ja leivonnaiset","slug":"leivat-keksit-ja-leivonnaiset-1","__typename":"HierarchyPathItem"}],"isGlobalFallback":null,"countryName":{"fi":"Suomi","__typename":"CountryName"}},{"id":"6424200022121","ean":"6424200022121","name":"Leivon Arina, sekaleipä 450g","price":2.49,"storeId":725782447,"__typename":"Product","approxPrice":false,"basicQuantityUnit":"KPL","comparisonPrice":5.53,"comparisonUnit":"KGM","consumerPackageSize":null,"consumerPackageUnit":null,"priceUnit":"KPL","quantityMultiplier":1,"brandName":"Leivon Leipomo","slug":"leivon-arina-sekaleipa-450g","isAgeLimitedByAlcohol":false,"frozen":false,"packagingLabels":["Avainlippu"],"packagingLabelCodes":["MADE_IN_FINLAND_FLAG_WITH_KEY"],"hierarchyPath":[{"id":"StructureGroup_507756644163855","name":"Vaaleat leivät","slug":"leivat-keksit-ja-leivonnaiset-1/leivat/vaaleat-leivat","__typename":"HierarchyPathItem"},{"id":"StructureGroup_1796559627347513","name":"Leivät","slug":"leivat-keksit-ja-leivonnaiset-1/leivat","__typename":"HierarchyPathItem"},{"id":"Herkku_00000008","name":"Leivät, keksit ja leivonnaiset","slug":"leivat-keksit-ja-leivonnaiset-1","__typename":"HierarchyPathItem"}],"isGlobalFallback":null,"countryName":{"fi":"Suomi","__typename":"CountryName"}},{"id":"6424200023616","ean":"6424200023616","name":"Leivon Leipomo ProTerve! 300g, 4 kpl  siemenpalaleipä","price":2.59,"storeId":725782447,"__typename":"Product","approxPrice":false,"basicQuantityUnit":"KPL","comparisonPrice":8.63,"comparisonUnit":"KGM","consumerPackageSize":null,"consumerPackageUnit":null,"priceUnit":"KPL","quantityMultiplier":1,"brandName":"Leivon Leipomo","slug":"leivon-leipomo-proterve-300g-4-kpl-siemenpalaleipa","isAgeLimitedByAlcohol":false,"frozen":false,"packagingLabels":["Avainlippu"],"packagingLabelCodes":["MADE_IN_FINLAND_FLAG_WITH_KEY"],"hierarchyPath":[{"id":"1591691250986235","name":"Muut vaaleat leivät","slug":"leivat-keksit-ja-leivonnaiset-1/leivat/muut-vaaleat-leivat","__typename":"HierarchyPathItem"},{"id":"StructureGroup_1796559627347513","name":"Leivät","slug":"leivat-keksit-ja-leivonnaiset-1/leivat","__typename":"HierarchyPathItem"},{"id":"Herkku_00000008","name":"Leivät, keksit ja leivonnaiset","slug":"leivat-keksit-ja-leivonnaiset-1","__typename":"HierarchyPathItem"}],"isGlobalFallback":null,"countryName":{"fi":"Suomi","__typename":"CountryName"}},{"id":"6424200024811","ean":"6424200024811","name":"Leivon Leipomo Arina Peruna 330g perunavehnäleipä","price":2.49,"storeId":725782447,"__typename":"Product","approxPrice":false,"basicQuantityUnit":"KPL","comparisonPrice":7.55,"comparisonUnit":"KGM","consumerPackageSize":null,"consumerPackageUnit":null,"priceUnit":"KPL","quantityMultiplier":1,"brandName":"Leivon Leipomo","slug":"leivon-leipomo-arina-peruna-330g-perunavehnaleipa","isAgeLimitedByAlcohol":false,"frozen":false,"packagingLabels":["Hyvää Suomesta (Sininen Joutsen)"],"packagingLabelCodes":["GOODS_FROM_FINLAND_BLUE_SWAN"],"hierarchyPath":[{"id":"1591691250986231","name":"Sekaleivät","slug":"leivat-keksit-ja-leivonnaiset-1/leivat/sekaleivat","__typename":"HierarchyPathItem"},{"id":"StructureGroup_1796559627347513","name":"Leivät","slug":"leivat-keksit-ja-leivonnaiset-1/leivat","__typename":"HierarchyPathItem"},{"id":"Herkku_00000008","name":"Leivät, keksit ja leivonnaiset","slug":"leivat-keksit-ja-leivonnaiset-1","__typename":"HierarchyPathItem"}],"isGlobalFallback":null,"countryName":{"fi":"Suomi","__typename":"CountryName"}},{"id":"6424200025412","ean":"6424200025412","name":"Leivon Leipomo Veera moniviljaleipä viipaloitu 360g","price":1.59,"storeId":725782447,"__typename":"Product","approxPrice":false,"basicQuantityUnit":"KPL","comparisonPrice":4.42,"comparisonUnit":"KGM","consumerPackageSize":null,"consumerPackageUnit":null,"priceUnit":"KPL","quantityMultiplier":1,"brandName":"Leivon Leipomo","slug":"leivon-leipomo-veera-moniviljaleipa-viipaloitu-360g","isAgeLimitedByAlcohol":false,"frozen":false,"packagingLabels":["Hyvää Suomesta (Sininen Joutsen)"],"packagingLabelCodes":["GOODS_FROM_FINLAND_BLUE_SWAN"],"hierarchyPath":[{"id":"1591691250986231","name":"Sekaleivät","slug":"leivat-keksit-ja-leivonnaiset-1/leivat/sekaleivat","__typename":"HierarchyPathItem"},{"id":"StructureGroup_1796559627347513","name":"Leivät","slug":"leivat-keksit-ja-leivonnaiset-1/leivat","__typename":"HierarchyPathItem"},{"id":"Herkku_00000008","name":"Leivät, keksit ja leivonnaiset","slug":"leivat-keksit-ja-leivonnaiset-1","__typename":"HierarchyPathItem"}],"isGlobalFallback":null,"countryName":{"fi":"Suomi","__typename":"CountryName"}},{"id":"6424200026518","ean":"6424200026518","name":"Leivon Leipomo ProKaura 4 kpl, 315g 100% täysjyväkauraleipä","price":2.59,"storeId":725782447,"__typename":"Product","approxPrice":false,"basicQuantityUnit":"KPL","comparisonPrice":8.63,"comparisonUnit":"KGM","consumerPackageSize":null,"consumerPackageUnit":null,"priceUnit":"KPL","quantityMultiplier":1,"brandName":"Leivon Leipomo","slug":"leivon-leipomo-prokaura-4-kpl-315g-100-taysjyvakauraleipa","isAgeLimitedByAlcohol":false,"frozen":false,"packagingLabels":["Avainlippu"],"packagingLabelCodes":["MADE_IN_FINLAND_FLAG_WITH_KEY"],"hierarchyPath":[{"id":"1591691250986235","name":"Muut vaaleat leivät","slug":"leivat-keksit-ja-leivonnaiset-1/leivat/muut-vaaleat-leivat","__typename":"HierarchyPathItem"},{"id":"StructureGroup_1796559627347513","name":"Leivät","slug":"leivat-keksit-ja-leivonnaiset-1/leivat","__typename":"HierarchyPathItem"},{"id":"Herkku_00000008","name":"Leivät, keksit ja leivonnaiset","slug":"leivat-keksit-ja-leivonnaiset-1","__typename":"HierarchyPathItem"}],"isGlobalFallback":null,"countryName":{"fi":"Suomi","__typename":"CountryName"}},{"id":"6424200028017","ean":"6424200028017","name":"Leivon Leipomo  ProSiemen&Kaura ! 4 kpl 315g kaurasiemenleipä halkaistu","price":2.59,"storeId":725782447,"__typename":"Product","approxPrice":false,"basicQuantityUnit":"KPL","comparisonPrice":8.22,"comparisonUnit":"KGM","consumerPackageSize":null,"consumerPackageUnit":null,"priceUnit":"KPL","quantityMultiplier":1,"brandName":"Leivon Leipomo","slug":"leivon-leipomo-prosiemenandkaura-4-kpl-315g-kaurasiemenleipa-halkaistu","isAgeLimitedByAlcohol":false,"frozen":false,"packagingLabels":["Avainlippu"],"packagingLabelCodes":["MADE_IN_FINLAND_FLAG_WITH_KEY"],"hierarchyPath":[{"id":"1591691250986235","name":"Muut vaaleat leivät","slug":"leivat-keksit-ja-leivonnaiset-1/leivat/muut-vaaleat-leivat","__typename":"HierarchyPathItem"},{"id":"StructureGroup_1796559627347513","name":"Leivät","slug":"leivat-keksit-ja-leivonnaiset-1/leivat","__typename":"HierarchyPathItem"},{"id":"Herkku_00000008","name":"Leivät, keksit ja leivonnaiset","slug":"leivat-keksit-ja-leivonnaiset-1","__typename":"HierarchyPathItem"}],"isGlobalFallback":null,"countryName":{"fi":"Suomi","__typename":"CountryName"}},{"id":"6424200028512","ean":"6424200028512","name":"Leivon Leipomo Väinö sekaleipä 420g viipaloitu","price":1.59,"storeId":725782447,"__typename":"Product","approxPrice":false,"basicQuantityUnit":"KPL","comparisonPrice":3.79,"comparisonUnit":"KGM","consumerPackageSize":null,"consumerPackageUnit":null,"priceUnit":"KPL","quantityMultiplier":1,"brandName":"Leivon Leipomo","slug":"leivon-leipomo-vaino-sekaleipa-420g-viipaloitu","isAgeLimitedByAlcohol":false,"frozen":false,"packagingLabels":[],"packagingLabelCodes":[],"hierarchyPath":[{"id":"1591691250986231","name":"Sekaleivät","slug":"leivat-keksit-ja-leivonnaiset-1/leivat/sekaleivat","__typename":"HierarchyPathItem"},{"id":"StructureGroup_1796559627347513","name":"Leivät","slug":"leivat-keksit-ja-leivonnaiset-1/leivat","__typename":"HierarchyPathItem"},{"id":"Herkku_00000008","name":"Leivät, keksit ja leivonnaiset","slug":"leivat-keksit-ja-leivonnaiset-1","__typename":"HierarchyPathItem"}],"isGlobalFallback":null,"countryName":{"fi":"Suomi","__typename":"CountryName"}},{"id":"6424200029014","ean":"6424200029014","name":"Leivon Leipomo Viljo Kaurasekaleipä 420g viipaloitu","price":1.59,"storeId":725782447,"__typename":"Product","approxPrice":false,"basicQuantityUnit":"KPL","comparisonPrice":3.79,"comparisonUnit":"KGM","consumerPackageSize":null,"consumerPackageUnit":null,"priceUnit":"KPL","quantityMultiplier":1,"brandName":"Leivon Leipomo","slug":"leivon-leipomo-viljo-kaurasekaleipa-420g-viipaloitu","isAgeLimitedByAlcohol":false,"frozen":false,"packagingLabels":["Avainlippu"],"packagingLabelCodes":["MADE_IN_FINLAND_FLAG_WITH_KEY"],"hierarchyPath":[{"id":"1591691250986231","name":"Sekaleivät","slug":"leivat-keksit-ja-leivonnaiset-1/leivat/sekaleivat","__typename":"HierarchyPathItem"},{"id":"StructureGroup_1796559627347513","name":"Leivät","slug":"leivat-keksit-ja-leivonnaiset-1/leivat","__typename":"HierarchyPathItem"},{"id":"Herkku_00000008","name":"Leivät, keksit ja leivonnaiset","slug":"leivat-keksit-ja-leivonnaiset-1","__typename":"HierarchyPathItem"}],"isGlobalFallback":null,"countryName":{"fi":"Suomi","__typename":"CountryName"}},{"id":"6424200029212","ean":"6424200029212","name":"Leivon Arina rukiinen viipaloitu 400g rukiinen vehnäleipä","price":2.49,"storeId":725782447,"__typename":"Product","approxPrice":false,"basicQuantityUnit":"KPL","comparisonPrice":6.23,"comparisonUnit":"KGM","consumerPackageSize":null,"consumerPackageUnit":null,"priceUnit":"KPL","quantityMultiplier":1,"brandName":"Leivon Leipomo","slug":"leivon-arina-rukiinen-viipaloitu-400g-rukiinen-vehnaleipa","isAgeLimitedByAlcohol":false,"frozen":false,"packagingLabels":["Avainlippu"],"packagingLabelCodes":["MADE_IN_FINLAND_FLAG_WITH_KEY"],"hierarchyPath":[{"id":"StructureGroup_507756644163855","name":"Vaaleat leivät","slug":"leivat-keksit-ja-leivonnaiset-1/leivat/vaaleat-leivat","__typename":"HierarchyPathItem"},{"id":"StructureGroup_1796559627347513","name":"Leivät","slug":"leivat-keksit-ja-leivonnaiset-1/leivat","__typename":"HierarchyPathItem"},{"id":"Herkku_00000008","name":"Leivät, keksit ja leivonnaiset","slug":"leivat-keksit-ja-leivonnaiset-1","__typename":"HierarchyPathItem"}],"isGlobalFallback":null,"countryName":{"fi":"Suomi","__typename":"CountryName"}},{"id":"6424200035114","ean":"6424200035114","name":"Leivon Leipomo  Grahamsämpylä 5 kpl 300g","price":1.99,"storeId":725782447,"__typename":"Product","approxPrice":false,"basicQuantityUnit":"KPL","comparisonPrice":6.63,"comparisonUnit":"KGM","consumerPackageSize":null,"consumerPackageUnit":null,"priceUnit":"KPL","quantityMultiplier":1,"brandName":"Leivon Leipomo","slug":"leivon-leipomo-grahamsampyla-5-kpl-300g","isAgeLimitedByAlcohol":false,"frozen":false,"packagingLabels":[],"packagingLabelCodes":[],"hierarchyPath":[{"id":"1591691250986233","name":"Sämpylät","slug":"leivat-keksit-ja-leivonnaiset-1/leivat/sampylat","__typename":"HierarchyPathItem"},{"id":"StructureGroup_1796559627347513","name":"Leivät","slug":"leivat-keksit-ja-leivonnaiset-1/leivat","__typename":"HierarchyPathItem"},{"id":"Herkku_00000008","name":"Leivät, keksit ja leivonnaiset","slug":"leivat-keksit-ja-leivonnaiset-1","__typename":"HierarchyPathItem"}],"isGlobalFallback":null,"countryName":{"fi":"Suomi","__typename":"CountryName"}},{"id":"6424200036319","ean":"6424200036319","name":"Leivon Leipomo Aamiaissämpylä 7 kpl 420g moniviljasämpylä","price":2.29,"storeId":725782447,"__typename":"Product","approxPrice":false,"basicQuantityUnit":"KPL","comparisonPrice":5.45,"comparisonUnit":"KGM","consumerPackageSize":null,"consumerPackageUnit":null,"priceUnit":"KPL","quantityMultiplier":1,"brandName":"Leivon Leipomo","slug":"leivon-leipomo-aamiaissampyla-7-kpl-420g-moniviljasampyla","isAgeLimitedByAlcohol":false,"frozen":false,"packagingLabels":[],"packagingLabelCodes":[],"hierarchyPath":[{"id":"1591691250986233","name":"Sämpylät","slug":"leivat-keksit-ja-leivonnaiset-1/leivat/sampylat","__typename":"HierarchyPathItem"},{"id":"StructureGroup_1796559627347513","name":"Leivät","slug":"leivat-keksit-ja-leivonnaiset-1/leivat","__typename":"HierarchyPathItem"},{"id":"Herkku_00000008","name":"Leivät, keksit ja leivonnaiset","slug":"leivat-keksit-ja-leivonnaiset-1","__typename":"HierarchyPathItem"}],"isGlobalFallback":null,"countryName":{"fi":"Suomi","__typename":"CountryName"}},{"id":"6424200037316","ean":"6424200037316","name":"Leivon Leipomo Vehnäsämpylä 300g 5 kpl","price":1.99,"storeId":725782447,"__typename":"Product","approxPrice":false,"basicQuantityUnit":"KPL","comparisonPrice":6.63,"comparisonUnit":"KGM","consumerPackageSize":null,"consumerPackageUnit":null,"priceUnit":"KPL","quantityMultiplier":1,"brandName":"Leivon Leipomo","slug":"leivon-leipomo-vehnasampyla-300g-5-kpl","isAgeLimitedByAlcohol":false,"frozen":false,"packagingLabels":["Hyvää Suomesta (Sininen Joutsen)"],"packagingLabelCodes":["GOODS_FROM_FINLAND_BLUE_SWAN"],"hierarchyPath":[{"id":"1591691250986233","name":"Sämpylät","slug":"leivat-keksit-ja-leivonnaiset-1/leivat/sampylat","__typename":"HierarchyPathItem"},{"id":"StructureGroup_1796559627347513","name":"Leivät","slug":"leivat-keksit-ja-leivonnaiset-1/leivat","__typename":"HierarchyPathItem"},{"id":"Herkku_00000008","name":"Leivät, keksit ja leivonnaiset","slug":"leivat-keksit-ja-leivonnaiset-1","__typename":"HierarchyPathItem"}],"isGlobalFallback":null,"countryName":{"fi":"Suomi","__typename":"CountryName"}},{"id":"6424200044215","ean":"6424200044215","name":"Leivon Leipomo Jyväjemmari 400g ruissiemenkuivaleipä","price":4.89,"storeId":725782447,"__typename":"Product","approxPrice":false,"basicQuantityUnit":"KPL","comparisonPrice":12.22,"comparisonUnit":"KGM","consumerPackageSize":null,"consumerPackageUnit":null,"priceUnit":"KPL","quantityMultiplier":1,"brandName":"Leivon Leipomo","slug":"leivon-leipomo-jyvajemmari-400g-ruissiemenkuivaleipa","isAgeLimitedByAlcohol":false,"frozen":false,"packagingLabels":[],"packagingLabelCodes":[],"hierarchyPath":[{"id":"Herkku_00000310","name":"Varrasleivät","slug":"leivat-keksit-ja-leivonnaiset-1/nakkileivat-ja-hapankorput/varrasleivat","__typename":"HierarchyPathItem"},{"id":"Herkku_00000052","name":"Näkkileivät ja hapankorput","slug":"leivat-keksit-ja-leivonnaiset-1/nakkileivat-ja-hapankorput","__typename":"HierarchyPathItem"},{"id":"Herkku_00000008","name":"Leivät, keksit ja leivonnaiset","slug":"leivat-keksit-ja-leivonnaiset-1","__typename":"HierarchyPathItem"}],"isGlobalFallback":null,"countryName":{"fi":"Suomi","__typename":"CountryName"}},{"id":"6424200044413","ean":"6424200044413","name":"Leivon Leipomo Kaurajemmari 380g kaurasiemenkuivaleipä","price":4.89,"storeId":725782447,"__typename":"Product","approxPrice":false,"basicQuantityUnit":"KPL","comparisonPrice":12.87,"comparisonUnit":"KGM","consumerPackageSize":null,"consumerPackageUnit":null,"priceUnit":"KPL","quantityMultiplier":1,"brandName":"Leivon Leipomo","slug":"leivon-leipomo-kaurajemmari-380g-kaurasiemenkuivaleipa","isAgeLimitedByAlcohol":false,"frozen":false,"packagingLabels":[],"packagingLabelCodes":[],"hierarchyPath":[{"id":"Herkku_00000310","name":"Varrasleivät","slug":"leivat-keksit-ja-leivonnaiset-1/nakkileivat-ja-hapankorput/varrasleivat","__typename":"HierarchyPathItem"},{"id":"Herkku_00000052","name":"Näkkileivät ja hapankorput","slug":"leivat-keksit-ja-leivonnaiset-1/nakkileivat-ja-hapankorput","__typename":"HierarchyPathItem"},{"id":"Herkku_00000008","name":"Leivät, keksit ja leivonnaiset","slug":"leivat-keksit-ja-leivonnaiset-1","__typename":"HierarchyPathItem"}],"isGlobalFallback":null,"countryName":{"fi":"Suomi","__typename":"CountryName"}},{"id":"6424200046714","ean":"6424200046714","name":"Leivon Leipomo Kaneliletti 250g kanelitäytteinen vehnäpitko","price":3.99,"storeId":725782447,"__typename":"Product","approxPrice":false,"basicQuantityUnit":"KPL","comparisonPrice":15.96,"comparisonUnit":"KGM","consumerPackageSize":null,"consumerPackageUnit":null,"priceUnit":"KPL","quantityMultiplier":1,"brandName":"Leivon Leipomo","slug":"leivon-leipomo-kaneliletti-250g-kanelitaytteinen-vehnapitko","isAgeLimitedByAlcohol":false,"frozen":false,"packagingLabels":["Avainlippu"],"packagingLabelCodes":["MADE_IN_FINLAND_FLAG_WITH_KEY"],"hierarchyPath":[{"id":"Herkku_00000938","name":"Pitkot ja täytepitkot","slug":"leivat-keksit-ja-leivonnaiset-1/leivonnaiset/pitkot-ja-taytepitkot","__typename":"HierarchyPathItem"},{"id":"Herkku_00000152","name":"Leivonnaiset","slug":"leivat-keksit-ja-leivonnaiset-1/leivonnaiset","__typename":"HierarchyPathItem"},{"id":"Herkku_00000008","name":"Leivät, keksit ja leivonnaiset","slug":"leivat-keksit-ja-leivonnaiset-1","__typename":"HierarchyPathItem"}],"isGlobalFallback":null,"countryName":{"fi":"Suomi","__typename":"CountryName"}},{"id":"6424200050124","ean":"6424200050124","name":"Leivon Leipomo Herkkutäytepulla 2 kpl 140g vaniljarahkatäytepulla","price":2.69,"storeId":725782447,"__typename":"Product","approxPrice":false,"basicQuantityUnit":"KPL","comparisonPrice":19.21,"comparisonUnit":"PCE","consumerPackageSize":null,"consumerPackageUnit":null,"priceUnit":"KPL","quantityMultiplier":1,"brandName":"Leivon Leipomo","slug":"leivon-leipomo-herkkutaytepulla-2-kpl-140g-vaniljarahkataytepulla","isAgeLimitedByAlcohol":false,"frozen":false,"packagingLabels":["Avainlippu"],"packagingLabelCodes":["MADE_IN_FINLAND_FLAG_WITH_KEY"],"hierarchyPath":[{"id":"Herkku_00000944","name":"Pullat","slug":"leivat-keksit-ja-leivonnaiset-1/leivonnaiset/pullat","__typename":"HierarchyPathItem"},{"id":"Herkku_00000152","name":"Leivonnaiset","slug":"leivat-keksit-ja-leivonnaiset-1/leivonnaiset","__typename":"HierarchyPathItem"},{"id":"Herkku_00000008","name":"Leivät, keksit ja leivonnaiset","slug":"leivat-keksit-ja-leivonnaiset-1","__typename":"HierarchyPathItem"}],"isGlobalFallback":null,"countryName":{"fi":"Suomi","__typename":"CountryName"}},{"id":"6424200051213","ean":"6424200051213","name":"Leivon Leipomo Kardemummapulla 250g 5 kpl","price":1.55,"storeId":725782447,"__typename":"Product","approxPrice":false,"basicQuantityUnit":"KPL","comparisonPrice":6.2,"comparisonUnit":"KGM","consumerPackageSize":null,"consumerPackageUnit":null,"priceUnit":"KPL","quantityMultiplier":1,"brandName":"Leivon Leipomo","slug":"leivon-leipomo-kardemummapulla-250g-5-kpl","isAgeLimitedByAlcohol":false,"frozen":false,"packagingLabels":["Hyvää Suomesta (Sininen Joutsen)"," Sydänmerkki"],"packagingLabelCodes":["FINNISH_HEART_SYMBOL"," GOODS_FROM_FINLAND_BLUE_SWAN"],"hierarchyPath":[{"id":"Herkku_00000944","name":"Pullat","slug":"leivat-keksit-ja-leivonnaiset-1/leivonnaiset/pullat","__typename":"HierarchyPathItem"},{"id":"Herkku_00000152","name":"Leivonnaiset","slug":"leivat-keksit-ja-leivonnaiset-1/leivonnaiset","__typename":"HierarchyPathItem"},{"id":"Herkku_00000008","name":"Leivät, keksit ja leivonnaiset","slug":"leivat-keksit-ja-leivonnaiset-1","__typename":"HierarchyPathItem"}],"isGlobalFallback":null,"countryName":{"fi":"Suomi","__typename":"CountryName"}},{"id":"6424200067016","ean":"6424200067016","name":"Boltsi Kaura-siemenpyörykkä 230g","price":2.99,"storeId":725782447,"__typename":"Product","approxPrice":false,"basicQuantityUnit":"KPL","comparisonPrice":13,"comparisonUnit":"KGM","consumerPackageSize":null,"consumerPackageUnit":null,"priceUnit":"KPL","quantityMultiplier":1,"brandName":"Leivon Leipomo","slug":"boltsi-kaura-siemenpyorykka-230g","isAgeLimitedByAlcohol":false,"frozen":false,"packagingLabels":["Avainlippu"],"packagingLabelCodes":["MADE_IN_FINLAND_FLAG_WITH_KEY"],"hierarchyPath":[{"id":"1591691237074406","name":"Pyörykät","slug":"valmisruoka-1/pyorykat-pihvit-ja-ohukaiset/pyorykat","__typename":"HierarchyPathItem"},{"id":"1591691237074393","name":"Pyörykät, pihvit ja ohukaiset","slug":"valmisruoka-1/pyorykat-pihvit-ja-ohukaiset","__typename":"HierarchyPathItem"},{"id":"StructureGroup_1356670909914497","name":"Valmisruoka","slug":"valmisruoka-1","__typename":"HierarchyPathItem"}],"isGlobalFallback":null,"countryName":{"fi":"Suomi","__typename":"CountryName"}},{"id":"6424200079613","ean":"6424200079613","name":"Leivon Leipomo Runebergintorttu 2 kpl 140g","price":4.49,"storeId":725782447,"__typename":"Product","approxPrice":false,"basicQuantityUnit":"KPL","comparisonPrice":32.07,"comparisonUnit":"KGM","consumerPackageSize":null,"consumerPackageUnit":null,"priceUnit":"KPL","quantityMultiplier":1,"brandName":"Leivon Leipomo","slug":"leivon-leipomo-runebergintorttu-2-kpl-140g","isAgeLimitedByAlcohol":false,"frozen":false,"packagingLabels":["Avainlippu"],"packagingLabelCodes":["MADE_IN_FINLAND_FLAG_WITH_KEY"],"hierarchyPath":[{"id":"Herkku_00000940","name":"Sesonkituotteet","slug":"leivat-keksit-ja-leivonnaiset-1/leivonnaiset/sesonkituotteet","__typename":"HierarchyPathItem"},{"id":"Herkku_00000152","name":"Leivonnaiset","slug":"leivat-keksit-ja-leivonnaiset-1/leivonnaiset","__typename":"HierarchyPathItem"},{"id":"Herkku_00000008","name":"Leivät, keksit ja leivonnaiset","slug":"leivat-keksit-ja-leivonnaiset-1","__typename":"HierarchyPathItem"}],"isGlobalFallback":null,"countryName":{"fi":"Suomi","__typename":"CountryName"}},{"id":"6424908114661","ean":"6424908114661","name":"Felix Amerikkalainen kurkkusalaatti 485g","price":3.65,"storeId":725782447,"__typename":"Product","approxPrice":false,"basicQuantityUnit":"KPL","comparisonPrice":7.53,"comparisonUnit":"KGM","consumerPackageSize":null,"consumerPackageUnit":null,"priceUnit":"KPL","quantityMultiplier":1,"brandName":"Felix","slug":"felix-amerikkalainen-kurkkusalaatti-485g","isAgeLimitedByAlcohol":false,"frozen":false,"packagingLabels":[],"packagingLabelCodes":[],"hierarchyPath":[{"id":"Herkku_00000357","name":"Kasvissäilykkeet","slug":"kuivatuotteet-ja-leivonta-1/sailykkeet/kasvissailykkeet","__typename":"HierarchyPathItem"},{"id":"Herkku_00000063","name":"Säilykkeet","slug":"kuivatuotteet-ja-leivonta-1/sailykkeet","__typename":"HierarchyPathItem"},{"id":"Herkku_00000007","name":"Kuivatuotteet ja leivonta","slug":"kuivatuotteet-ja-leivonta-1","__typename":"HierarchyPathItem"}],"isGlobalFallback":null,"countryName":{"fi":"Viro","__typename":"CountryName"}},{"id":"6424908114852","ean":"6424908114852","name":"Felix kartanopikkelsi, kurpitsasuikaleita mausteliemessä 370/245g","price":3.15,"storeId":725782447,"__typename":"Product","approxPrice":false,"basicQuantityUnit":"KPL","comparisonPrice":12.86,"comparisonUnit":"KGM","consumerPackageSize":null,"consumerPackageUnit":null,"priceUnit":"KPL","quantityMultiplier":1,"brandName":"Felix","slug":"felix-kartanopikkelsi-kurpitsasuikaleita-mausteliemessa-370245g","isAgeLimitedByAlcohol":false,"frozen":false,"packagingLabels":[],"packagingLabelCodes":[],"hierarchyPath":[{"id":"Herkku_00000357","name":"Kasvissäilykkeet","slug":"kuivatuotteet-ja-leivonta-1/sailykkeet/kasvissailykkeet","__typename":"HierarchyPathItem"},{"id":"Herkku_00000063","name":"Säilykkeet","slug":"kuivatuotteet-ja-leivonta-1/sailykkeet","__typename":"HierarchyPathItem"},{"id":"Herkku_00000007","name":"Kuivatuotteet ja leivonta","slug":"kuivatuotteet-ja-leivonta-1","__typename":"HierarchyPathItem"}],"isGlobalFallback":null,"countryName":{"fi":"Viro","__typename":"CountryName"}},{"id":"6424908115033","ean":"6424908115033","name":"Felix Amerikkalainen kurkkuviipaleita makeassa mausteliemessä 410/215g","price":1.95,"storeId":725782447,"__typename":"Product","approxPrice":false,"basicQuantityUnit":"KPL","comparisonPrice":9.07,"comparisonUnit":"KGM","consumerPackageSize":null,"consumerPackageUnit":null,"priceUnit":"KPL","quantityMultiplier":1,"brandName":"Felix","slug":"felix-amerikkalainen-kurkkuviipaleita-makeassa-mausteliemessa-410215g","isAgeLimitedByAlcohol":false,"frozen":false,"packagingLabels":[],"packagingLabelCodes":[],"hierarchyPath":[{"id":"Herkku_00000357","name":"Kasvissäilykkeet","slug":"kuivatuotteet-ja-leivonta-1/sailykkeet/kasvissailykkeet","__typename":"HierarchyPathItem"},{"id":"Herkku_00000063","name":"Säilykkeet","slug":"kuivatuotteet-ja-leivonta-1/sailykkeet","__typename":"HierarchyPathItem"},{"id":"Herkku_00000007","name":"Kuivatuotteet ja leivonta","slug":"kuivatuotteet-ja-leivonta-1","__typename":"HierarchyPathItem"}],"isGlobalFallback":null,"countryName":{"fi":"Tšekki","__typename":"CountryName"}},{"id":"6424908115057","ean":"6424908115057","name":"Felix Amerikkalainen kurkkuviipaleita makeassa mausteliemessä 730/380g","price":2.99,"storeId":725782447,"__typename":"Product","approxPrice":false,"basicQuantityUnit":"KPL","comparisonPrice":7.87,"comparisonUnit":"KGM","consumerPackageSize":null,"consumerPackageUnit":null,"priceUnit":"KPL","quantityMultiplier":1,"brandName":"Felix","slug":"felix-amerikkalainen-kurkkuviipaleita-makeassa-mausteliemessa-730380g","isAgeLimitedByAlcohol":false,"frozen":false,"packagingLabels":[],"packagingLabelCodes":[],"hierarchyPath":[{"id":"Herkku_00000357","name":"Kasvissäilykkeet","slug":"kuivatuotteet-ja-leivonta-1/sailykkeet/kasvissailykkeet","__typename":"HierarchyPathItem"},{"id":"Herkku_00000063","name":"Säilykkeet","slug":"kuivatuotteet-ja-leivonta-1/sailykkeet","__typename":"HierarchyPathItem"},{"id":"Herkku_00000007","name":"Kuivatuotteet ja leivonta","slug":"kuivatuotteet-ja-leivonta-1","__typename":"HierarchyPathItem"}],"isGlobalFallback":null,"countryName":{"fi":"Ruotsi","__typename":"CountryName"}},{"id":"6424908461352","ean":"6424908461352","name":"Felix Maku viipaloituja kurkkuja mausteliemessä 840/480g","price":3.59,"storeId":725782447,"__typename":"Product","approxPrice":false,"basicQuantityUnit":"KPL","comparisonPrice":7.48,"comparisonUnit":"KGM","consumerPackageSize":null,"consumerPackageUnit":null,"priceUnit":"KPL","quantityMultiplier":1,"brandName":"Felix","slug":"felix-maku-viipaloituja-kurkkuja-mausteliemessa-840480g","isAgeLimitedByAlcohol":false,"frozen":false,"packagingLabels":[],"packagingLabelCodes":[],"hierarchyPath":[{"id":"Herkku_00000357","name":"Kasvissäilykkeet","slug":"kuivatuotteet-ja-leivonta-1/sailykkeet/kasvissailykkeet","__typename":"HierarchyPathItem"},{"id":"Herkku_00000063","name":"Säilykkeet","slug":"kuivatuotteet-ja-leivonta-1/sailykkeet","__typename":"HierarchyPathItem"},{"id":"Herkku_00000007","name":"Kuivatuotteet ja leivonta","slug":"kuivatuotteet-ja-leivonta-1","__typename":"HierarchyPathItem"}],"isGlobalFallback":null,"countryName":{"fi":"Tšekki","__typename":"CountryName"}},{"id":"6424908461611","ean":"6424908461611","name":"Felix Maku viipaloituja kurkkuja mausteliemessä 560/300g","price":2.29,"storeId":725782447,"__typename":"Product","approxPrice":false,"basicQuantityUnit":"KPL","comparisonPrice":7.63,"comparisonUnit":"KGM","consumerPackageSize":null,"consumerPackageUnit":null,"priceUnit":"KPL","quantityMultiplier":1,"brandName":"Felix","slug":"felix-maku-viipaloituja-kurkkuja-mausteliemessa-560300g","isAgeLimitedByAlcohol":false,"frozen":false,"packagingLabels":[],"packagingLabelCodes":[],"hierarchyPath":[{"id":"Herkku_00000357","name":"Kasvissäilykkeet","slug":"kuivatuotteet-ja-leivonta-1/sailykkeet/kasvissailykkeet","__typename":"HierarchyPathItem"},{"id":"Herkku_00000063","name":"Säilykkeet","slug":"kuivatuotteet-ja-leivonta-1/sailykkeet","__typename":"HierarchyPathItem"},{"id":"Herkku_00000007","name":"Kuivatuotteet ja leivonta","slug":"kuivatuotteet-ja-leivonta-1","__typename":"HierarchyPathItem"}],"isGlobalFallback":null,"countryName":{"fi":"Tšekki","__typename":"CountryName"}},{"id":"6424908462502","ean":"6424908462502","name":"Felix sinappikurkkusalaatti 390g","price":3.05,"storeId":725782447,"__typename":"Product","approxPrice":false,"basicQuantityUnit":"KPL","comparisonPrice":7.82,"comparisonUnit":"KGM","consumerPackageSize":null,"consumerPackageUnit":null,"priceUnit":"KPL","quantityMultiplier":1,"brandName":"Felix","slug":"felix-sinappikurkkusalaatti-390g","isAgeLimitedByAlcohol":false,"frozen":false,"packagingLabels":[],"packagingLabelCodes":[],"hierarchyPath":[{"id":"Herkku_00000357","name":"Kasvissäilykkeet","slug":"kuivatuotteet-ja-leivonta-1/sailykkeet/kasvissailykkeet","__typename":"HierarchyPathItem"},{"id":"Herkku_00000063","name":"Säilykkeet","slug":"kuivatuotteet-ja-leivonta-1/sailykkeet","__typename":"HierarchyPathItem"},{"id":"Herkku_00000007","name":"Kuivatuotteet ja leivonta","slug":"kuivatuotteet-ja-leivonta-1","__typename":"HierarchyPathItem"}],"isGlobalFallback":null,"countryName":{"fi":"Ruotsi","__typename":"CountryName"}},{"id":"6424908512207","ean":"6424908512207","name":"Felix viipaloituja punajuuria mausteliemessä 570/380g","price":2.15,"storeId":725782447,"__typename":"Product","approxPrice":false,"basicQuantityUnit":"KPL","comparisonPrice":5.66,"comparisonUnit":"KGM","consumerPackageSize":null,"consumerPackageUnit":null,"priceUnit":"KPL","quantityMultiplier":1,"brandName":"Felix","slug":"felix-viipaloituja-punajuuria-mausteliemessa-570380g","isAgeLimitedByAlcohol":false,"frozen":false,"packagingLabels":["Sydänmerkki"],"packagingLabelCodes":["FINNISH_HEART_SYMBOL"],"hierarchyPath":[{"id":"Herkku_00000357","name":"Kasvissäilykkeet","slug":"kuivatuotteet-ja-leivonta-1/sailykkeet/kasvissailykkeet","__typename":"HierarchyPathItem"},{"id":"Herkku_00000063","name":"Säilykkeet","slug":"kuivatuotteet-ja-leivonta-1/sailykkeet","__typename":"HierarchyPathItem"},{"id":"Herkku_00000007","name":"Kuivatuotteet ja leivonta","slug":"kuivatuotteet-ja-leivonta-1","__typename":"HierarchyPathItem"}],"isGlobalFallback":null,"countryName":{"fi":"Ruotsi","__typename":"CountryName"}},{"id":"6426000005045","ean":"6426000005045","name":"2x80g/2x42g Lagom Kanafile auringonkukkaöljyssä","price":3.25,"storeId":725782447,"__typename":"Product","approxPrice":false,"basicQuantityUnit":"KPL","comparisonPrice":38.69,"comparisonUnit":"KGM","consumerPackageSize":null,"consumerPackageUnit":null,"priceUnit":"KPL","quantityMultiplier":1,"brandName":"Lagom","slug":"2x80g2x42g-lagom-kanafile-auringonkukkaoljyssa","isAgeLimitedByAlcohol":false,"frozen":false,"packagingLabels":[],"packagingLabelCodes":[],"hierarchyPath":[{"id":"Herkku_00000358","name":"Lihasäilykkeet","slug":"kuivatuotteet-ja-leivonta-1/sailykkeet/lihasailykkeet","__typename":"HierarchyPathItem"},{"id":"Herkku_00000063","name":"Säilykkeet","slug":"kuivatuotteet-ja-leivonta-1/sailykkeet","__typename":"HierarchyPathItem"},{"id":"Herkku_00000007","name":"Kuivatuotteet ja leivonta","slug":"kuivatuotteet-ja-leivonta-1","__typename":"HierarchyPathItem"}],"isGlobalFallback":null,"countryName":{"fi":"Espanja","__typename":"CountryName"}},{"id":"6426600020813","ean":"6426600020813","name":"Spen paperi pilli 25 kpl 6x200 mm","price":1.29,"storeId":725782447,"__typename":"Product","approxPrice":false,"basicQuantityUnit":"KPL","comparisonPrice":0.05,"comparisonUnit":"PCE","consumerPackageSize":null,"consumerPackageUnit":null,"priceUnit":"KPL","quantityMultiplier":1,"brandName":"Spen","slug":"spen-paperi-pilli-25-kpl-6x200-mm","isAgeLimitedByAlcohol":false,"frozen":false,"packagingLabels":[],"packagingLabelCodes":[],"hierarchyPath":[{"id":"1591691234089645","name":"Muut kertakäyttötuotteet","slug":"keittio-ja-kattaus/kattaustarvikkeet/muut-kertakayttotuotteet","__typename":"HierarchyPathItem"},{"id":"1591691234089638","name":"Kattaustarvikkeet","slug":"keittio-ja-kattaus/kattaustarvikkeet","__typename":"HierarchyPathItem"},{"id":"1591691234054950","name":"Keittiö ja kattaus","slug":"keittio-ja-kattaus","__typename":"HierarchyPathItem"}],"isGlobalFallback":null,"countryName":{"fi":"Kiina","__typename":"CountryName"}},{"id":"6428300001734","ean":"6428300001734","name":"Vitatabs RAUTA +C 80 mg + 80 mg rautabisglysinaatti-C-vitamiinikapseli 100kaps","price":11.55,"storeId":725782447,"__typename":"Product","approxPrice":false,"basicQuantityUnit":"KPL","comparisonPrice":0.12,"comparisonUnit":"PCE","consumerPackageSize":null,"consumerPackageUnit":null,"priceUnit":"KPL","quantityMultiplier":1,"brandName":"Vitatabs","slug":"vitatabs-rauta-c-80-mg-80-mg-rautabisglysinaatti-c-vitamiinikapseli-100kaps","isAgeLimitedByAlcohol":false,"frozen":false,"packagingLabels":[],"packagingLabelCodes":[],"hierarchyPath":[{"id":"Herkku_00001047","name":"Rautavalmisteet","slug":"luontaistuotteet-ja-lisaravinteet-1/mineraalivalmisteet/rautavalmisteet","__typename":"HierarchyPathItem"},{"id":"Herkku_00000178","name":"Mineraalivalmisteet","slug":"luontaistuotteet-ja-lisaravinteet-1/mineraalivalmisteet","__typename":"HierarchyPathItem"},{"id":"Herkku_00000016","name":"Luontaistuotteet ja lisäravinteet","slug":"luontaistuotteet-ja-lisaravinteet-1","__typename":"HierarchyPathItem"}],"isGlobalFallback":null,"countryName":{"fi":"Suomi","__typename":"CountryName"}},{"id":"6428300002182","ean":"6428300002182","name":"Calcia 800 Magnesium kalkki-magnesiumtabletti 180 tabl","price":7.95,"storeId":725782447,"__typename":"Product","approxPrice":false,"basicQuantityUnit":"KPL","comparisonPrice":0.04,"comparisonUnit":"PCE","consumerPackageSize":null,"consumerPackageUnit":null,"priceUnit":"KPL","quantityMultiplier":1,"brandName":"Calcia","slug":"calcia-800-magnesium-kalkki-magnesiumtabletti-180-tabl","isAgeLimitedByAlcohol":false,"frozen":false,"packagingLabels":[],"packagingLabelCodes":[],"hierarchyPath":[{"id":"Herkku_00001049","name":"Kalsiumvalmisteet","slug":"luontaistuotteet-ja-lisaravinteet-1/mineraalivalmisteet/kalsiumvalmisteet","__typename":"HierarchyPathItem"},{"id":"Herkku_00000178","name":"Mineraalivalmisteet","slug":"luontaistuotteet-ja-lisaravinteet-1/mineraalivalmisteet","__typename":"HierarchyPathItem"},{"id":"Herkku_00000016","name":"Luontaistuotteet ja lisäravinteet","slug":"luontaistuotteet-ja-lisaravinteet-1","__typename":"HierarchyPathItem"}],"isGlobalFallback":null,"countryName":{"fi":"Suomi","__typename":"CountryName"}},{"id":"6428300003363","ean":"6428300003363","name":"Magnesan Magnesiumkelaattitabletti 100 tabl","price":5.15,"storeId":725782447,"__typename":"Product","approxPrice":false,"basicQuantityUnit":"KPL","comparisonPrice":0.05,"comparisonUnit":"PCE","consumerPackageSize":null,"consumerPackageUnit":null,"priceUnit":"KPL","quantityMultiplier":1,"brandName":"Magnesan","slug":"magnesan-magnesiumkelaattitabletti-100-tabl","isAgeLimitedByAlcohol":false,"frozen":false,"packagingLabels":[],"packagingLabelCodes":[],"hierarchyPath":[{"id":"Herkku_00001053","name":"Magnesiumvalmisteet","slug":"luontaistuotteet-ja-lisaravinteet-1/mineraalivalmisteet/magnesiumvalmisteet","__typename":"HierarchyPathItem"},{"id":"Herkku_00000178","name":"Mineraalivalmisteet","slug":"luontaistuotteet-ja-lisaravinteet-1/mineraalivalmisteet","__typename":"HierarchyPathItem"},{"id":"Herkku_00000016","name":"Luontaistuotteet ja lisäravinteet","slug":"luontaistuotteet-ja-lisaravinteet-1","__typename":"HierarchyPathItem"}],"isGlobalFallback":null,"countryName":{"fi":"Suomi","__typename":"CountryName"}},{"id":"6428300003394","ean":"6428300003394","name":"Magnesia 375 pureskeltava magnesiumtabletti 140 tabl","price":7.35,"storeId":725782447,"__typename":"Product","approxPrice":false,"basicQuantityUnit":"KPL","comparisonPrice":0.05,"comparisonUnit":"PCE","consumerPackageSize":null,"consumerPackageUnit":null,"priceUnit":"KPL","quantityMultiplier":1,"brandName":"Magnesia","slug":"magnesia-375-pureskeltava-magnesiumtabletti-140-tabl","isAgeLimitedByAlcohol":false,"frozen":false,"packagingLabels":[],"packagingLabelCodes":[],"hierarchyPath":[{"id":"Herkku_00001053","name":"Magnesiumvalmisteet","slug":"luontaistuotteet-ja-lisaravinteet-1/mineraalivalmisteet/magnesiumvalmisteet","__typename":"HierarchyPathItem"},{"id":"Herkku_00000178","name":"Mineraalivalmisteet","slug":"luontaistuotteet-ja-lisaravinteet-1/mineraalivalmisteet","__typename":"HierarchyPathItem"},{"id":"Herkku_00000016","name":"Luontaistuotteet ja lisäravinteet","slug":"luontaistuotteet-ja-lisaravinteet-1","__typename":"HierarchyPathItem"}],"isGlobalFallback":null,"countryName":{"fi":"Suomi","__typename":"CountryName"}},{"id":"6428300006388","ean":"6428300006388","name":"Vitatabs D 100 passion D3-vitamiinitabletti 120 tabl","price":7.95,"storeId":725782447,"__typename":"Product","approxPrice":false,"basicQuantityUnit":"KPL","comparisonPrice":0.07,"comparisonUnit":"PCE","consumerPackageSize":null,"consumerPackageUnit":null,"priceUnit":"KPL","quantityMultiplier":1,"brandName":"Vitatabs","slug":"vitatabs-d-100-passion-d3-vitamiinitabletti-120-tabl","isAgeLimitedByAlcohol":false,"frozen":false,"packagingLabels":[],"packagingLabelCodes":[],"hierarchyPath":[{"id":"Herkku_00001046","name":"D-vitamiinit","slug":"luontaistuotteet-ja-lisaravinteet-1/vitamiinit/d-vitamiinit","__typename":"HierarchyPathItem"},{"id":"Herkku_00000177","name":"Vitamiinit","slug":"luontaistuotteet-ja-lisaravinteet-1/vitamiinit","__typename":"HierarchyPathItem"},{"id":"Herkku_00000016","name":"Luontaistuotteet ja lisäravinteet","slug":"luontaistuotteet-ja-lisaravinteet-1","__typename":"HierarchyPathItem"}],"isGlobalFallback":null,"countryName":{"fi":"Suomi","__typename":"CountryName"}},{"id":"6428300006463","ean":"6428300006463","name":"Vitatabs B12 Spearmint 1000 µg B12-vitamiinitabletti 100 tabl","price":8.75,"storeId":725782447,"__typename":"Product","approxPrice":false,"basicQuantityUnit":"KPL","comparisonPrice":0.09,"comparisonUnit":"PCE","consumerPackageSize":null,"consumerPackageUnit":null,"priceUnit":"KPL","quantityMultiplier":1,"brandName":"Vitatabs","slug":"vitatabs-b12-spearmint-1000-g-b12-vitamiinitabletti-100-tabl","isAgeLimitedByAlcohol":false,"frozen":false,"packagingLabels":[],"packagingLabelCodes":[],"hierarchyPath":[{"id":"Herkku_00001043","name":"B-vitamiinit","slug":"luontaistuotteet-ja-lisaravinteet-1/vitamiinit/b-vitamiinit","__typename":"HierarchyPathItem"},{"id":"Herkku_00000177","name":"Vitamiinit","slug":"luontaistuotteet-ja-lisaravinteet-1/vitamiinit","__typename":"HierarchyPathItem"},{"id":"Herkku_00000016","name":"Luontaistuotteet ja lisäravinteet","slug":"luontaistuotteet-ja-lisaravinteet-1","__typename":"HierarchyPathItem"}],"isGlobalFallback":null,"countryName":{"fi":"Suomi","__typename":"CountryName"}},{"id":"6429810224095","ean":"6429810224095","name":"Tocasalaatti","price":6.9,"storeId":725782447,"__typename":"Product","approxPrice":false,"basicQuantityUnit":"KPL","comparisonPrice":19.17,"comparisonUnit":"KGM","consumerPackageSize":null,"consumerPackageUnit":null,"priceUnit":"KPL","quantityMultiplier":1,"brandName":null,"slug":"tocasalaatti","isAgeLimitedByAlcohol":false,"frozen":false,"packagingLabels":[],"packagingLabelCodes":[],"hierarchyPath":[{"id":"1591691237218097","name":"Salaattiateriat","slug":"valmisruoka-1/valmisateriat-ja-keitot/salaattiateriat","__typename":"HierarchyPathItem"},{"id":"1591691237074396","name":"Valmisateriat ja -keitot","slug":"valmisruoka-1/valmisateriat-ja-keitot","__typename":"HierarchyPathItem"},{"id":"StructureGroup_1356670909914497","name":"Valmisruoka","slug":"valmisruoka-1","__typename":"HierarchyPathItem"}],"isGlobalFallback":null,"countryName":{"fi":"Suomi","__typename":"CountryName"}},{"id":"6429810224118","ean":"6429810224118","name":"Kanaleipäjuustosalaatti","price":6.9,"storeId":725782447,"__typename":"Product","approxPrice":false,"basicQuantityUnit":"KPL","comparisonPrice":19.17,"comparisonUnit":"KGM","consumerPackageSize":null,"consumerPackageUnit":null,"priceUnit":"KPL","quantityMultiplier":1,"brandName":null,"slug":"kanaleipajuustosalaatti","isAgeLimitedByAlcohol":false,"frozen":false,"packagingLabels":[],"packagingLabelCodes":[],"hierarchyPath":[{"id":"1591691237218097","name":"Salaattiateriat","slug":"valmisruoka-1/valmisateriat-ja-keitot/salaattiateriat","__typename":"HierarchyPathItem"},{"id":"1591691237074396","name":"Valmisateriat ja -keitot","slug":"valmisruoka-1/valmisateriat-ja-keitot","__typename":"HierarchyPathItem"},{"id":"StructureGroup_1356670909914497","name":"Valmisruoka","slug":"valmisruoka-1","__typename":"HierarchyPathItem"}],"isGlobalFallback":null,"countryName":{"fi":"Suomi","__typename":"CountryName"}},{"id":"6429810224125","ean":"6429810224125","name":"Katkarapusalaatti","price":6.9,"storeId":725782447,"__typename":"Product","approxPrice":false,"basicQuantityUnit":"KPL","comparisonPrice":18.65,"comparisonUnit":"KGM","consumerPackageSize":null,"consumerPackageUnit":null,"priceUnit":"KPL","quantityMultiplier":1,"brandName":null,"slug":"katkarapusalaatti","isAgeLimitedByAlcohol":false,"frozen":false,"packagingLabels":[],"packagingLabelCodes":[],"hierarchyPath":[{"id":"1591691237218097","name":"Salaattiateriat","slug":"valmisruoka-1/valmisateriat-ja-keitot/salaattiateriat","__typename":"HierarchyPathItem"},{"id":"1591691237074396","name":"Valmisateriat ja -keitot","slug":"valmisruoka-1/valmisateriat-ja-keitot","__typename":"HierarchyPathItem"},{"id":"StructureGroup_1356670909914497","name":"Valmisruoka","slug":"valmisruoka-1","__typename":"HierarchyPathItem"}],"isGlobalFallback":null,"countryName":{"fi":"Suomi","__typename":"CountryName"}},{"id":"6429810224132","ean":"6429810224132","name":"Kana Caesarsalaatti","price":6.9,"storeId":725782447,"__typename":"Product","approxPrice":false,"basicQuantityUnit":"KPL","comparisonPrice":23,"comparisonUnit":"KGM","consumerPackageSize":null,"consumerPackageUnit":null,"priceUnit":"KPL","quantityMultiplier":1,"brandName":null,"slug":"kana-caesarsalaatti","isAgeLimitedByAlcohol":false,"frozen":false,"packagingLabels":[],"packagingLabelCodes":[],"hierarchyPath":[{"id":"1591691237218097","name":"Salaattiateriat","slug":"valmisruoka-1/valmisateriat-ja-keitot/salaattiateriat","__typename":"HierarchyPathItem"},{"id":"1591691237074396","name":"Valmisateriat ja -keitot","slug":"valmisruoka-1/valmisateriat-ja-keitot","__typename":"HierarchyPathItem"},{"id":"StructureGroup_1356670909914497","name":"Valmisruoka","slug":"valmisruoka-1","__typename":"HierarchyPathItem"}],"isGlobalFallback":null,"countryName":{"fi":"Suomi","__typename":"CountryName"}},{"id":"6429810224248","ean":"6429810224248","name":"Hedelmämix","price":3.9,"storeId":725782447,"__typename":"Product","approxPrice":false,"basicQuantityUnit":"KPL","comparisonPrice":19.5,"comparisonUnit":"KGM","consumerPackageSize":null,"consumerPackageUnit":null,"priceUnit":"KPL","quantityMultiplier":1,"brandName":null,"slug":"hedelmamix","isAgeLimitedByAlcohol":false,"frozen":false,"packagingLabels":[],"packagingLabelCodes":[],"hierarchyPath":[{"id":"1591691237300198","name":"Muu valmisruoka","slug":"valmisruoka-1/valmisateriat-ja-keitot/muu-valmisruoka","__typename":"HierarchyPathItem"},{"id":"1591691237074396","name":"Valmisateriat ja -keitot","slug":"valmisruoka-1/valmisateriat-ja-keitot","__typename":"HierarchyPathItem"},{"id":"StructureGroup_1356670909914497","name":"Valmisruoka","slug":"valmisruoka-1","__typename":"HierarchyPathItem"}],"isGlobalFallback":null,"countryName":{"fi":"Suomi","__typename":"CountryName"}},{"id":"6429810224484","ean":"6429810224484","name":"Savulohisalatti","price":6.9,"storeId":725782447,"__typename":"Product","approxPrice":false,"basicQuantityUnit":"KPL","comparisonPrice":19.44,"comparisonUnit":"KGM","consumerPackageSize":null,"consumerPackageUnit":null,"priceUnit":"KPL","quantityMultiplier":1,"brandName":"Ruokatori","slug":"savulohisalatti","isAgeLimitedByAlcohol":false,"frozen":false,"packagingLabels":[],"packagingLabelCodes":[],"hierarchyPath":[{"id":"1591691237218097","name":"Salaattiateriat","slug":"valmisruoka-1/valmisateriat-ja-keitot/salaattiateriat","__typename":"HierarchyPathItem"},{"id":"1591691237074396","name":"Valmisateriat ja -keitot","slug":"valmisruoka-1/valmisateriat-ja-keitot","__typename":"HierarchyPathItem"},{"id":"StructureGroup_1356670909914497","name":"Valmisruoka","slug":"valmisruoka-1","__typename":"HierarchyPathItem"}],"isGlobalFallback":null,"countryName":{"fi":"Suomi","__typename":"CountryName"}},{"id":"6429830030607","ean":"6429830030607","name":"Rebl Eats Superspydäri 350 g","price":6.99,"storeId":725782447,"__typename":"Product","approxPrice":false,"basicQuantityUnit":"KPL","comparisonPrice":19.97,"comparisonUnit":"KGM","consumerPackageSize":null,"consumerPackageUnit":null,"priceUnit":"KPL","quantityMultiplier":1,"brandName":null,"slug":"rebl-eats-superspydari-350-g","isAgeLimitedByAlcohol":false,"frozen":false,"packagingLabels":[],"packagingLabelCodes":[],"hierarchyPath":[{"id":"1591691237218449","name":"Mikroateriat","slug":"valmisruoka-1/valmisateriat-ja-keitot/mikroateriat","__typename":"HierarchyPathItem"},{"id":"1591691237074396","name":"Valmisateriat ja -keitot","slug":"valmisruoka-1/valmisateriat-ja-keitot","__typename":"HierarchyPathItem"},{"id":"StructureGroup_1356670909914497","name":"Valmisruoka","slug":"valmisruoka-1","__typename":"HierarchyPathItem"}],"isGlobalFallback":null,"countryName":{"fi":"Suomi","__typename":"CountryName"}},{"id":"6429830030614","ean":"6429830030614","name":"Rebl Eats Ragu Pappardelle 350 g","price":6.99,"storeId":725782447,"__typename":"Product","approxPrice":false,"basicQuantityUnit":"KPL","comparisonPrice":19.97,"comparisonUnit":"KGM","consumerPackageSize":null,"consumerPackageUnit":null,"priceUnit":"KPL","quantityMultiplier":1,"brandName":null,"slug":"rebl-eats-ragu-pappardelle-350-g","isAgeLimitedByAlcohol":false,"frozen":false,"packagingLabels":[],"packagingLabelCodes":[],"hierarchyPath":[{"id":"1591691237218449","name":"Mikroateriat","slug":"valmisruoka-1/valmisateriat-ja-keitot/mikroateriat","__typename":"HierarchyPathItem"},{"id":"1591691237074396","name":"Valmisateriat ja -keitot","slug":"valmisruoka-1/valmisateriat-ja-keitot","__typename":"HierarchyPathItem"},{"id":"StructureGroup_1356670909914497","name":"Valmisruoka","slug":"valmisruoka-1","__typename":"HierarchyPathItem"}],"isGlobalFallback":null,"countryName":{"fi":"Suomi","__typename":"CountryName"}},{"id":"6429830030621","ean":"6429830030621","name":"Curry with coconut rice 400g","price":6.99,"storeId":725782447,"__typename":"Product","approxPrice":false,"basicQuantityUnit":"KPL","comparisonPrice":17.47,"comparisonUnit":"KGM","consumerPackageSize":null,"consumerPackageUnit":null,"priceUnit":"KPL","quantityMultiplier":1,"brandName":null,"slug":"curry-with-coconut-rice-400g","isAgeLimitedByAlcohol":false,"frozen":false,"packagingLabels":[],"packagingLabelCodes":[],"hierarchyPath":[{"id":"1591691237218449","name":"Mikroateriat","slug":"valmisruoka-1/valmisateriat-ja-keitot/mikroateriat","__typename":"HierarchyPathItem"},{"id":"1591691237074396","name":"Valmisateriat ja -keitot","slug":"valmisruoka-1/valmisateriat-ja-keitot","__typename":"HierarchyPathItem"},{"id":"StructureGroup_1356670909914497","name":"Valmisruoka","slug":"valmisruoka-1","__typename":"HierarchyPathItem"}],"isGlobalFallback":null,"countryName":{"fi":"Suomi","__typename":"CountryName"}},{"id":"6430011810154","ean":"6430011810154","name":"Spice Up! Makea thai chilikastike 500ml","price":3.79,"storeId":725782447,"__typename":"Product","approxPrice":false,"basicQuantityUnit":"KPL","comparisonPrice":7.58,"comparisonUnit":"LTR","consumerPackageSize":null,"consumerPackageUnit":null,"priceUnit":"KPL","quantityMultiplier":1,"brandName":"Spice Up!","slug":"spice-up-makea-thai-chilikastike-500ml","isAgeLimitedByAlcohol":false,"frozen":false,"packagingLabels":[],"packagingLabelCodes":[],"hierarchyPath":[{"id":"Herkku_00000431","name":"Chilikastikkeet","slug":"oljyt-mausteet-maustaminen-1/maustekastikkeet-ja-tahnat/chilikastikkeet","__typename":"HierarchyPathItem"},{"id":"Herkku_00000078","name":"Maustekastikkeet ja tahnat","slug":"oljyt-mausteet-maustaminen-1/maustekastikkeet-ja-tahnat","__typename":"HierarchyPathItem"},{"id":"Herkku_00000011","name":"Öljyt, mausteet, maustaminen","slug":"oljyt-mausteet-maustaminen-1","__typename":"HierarchyPathItem"}],"isGlobalFallback":null,"countryName":{"fi":"Thaimaa","__typename":"CountryName"}},{"id":"6430011810673","ean":"6430011810673","name":"Spice Up! Hapanimeläkastike 100g","price":1.35,"storeId":725782447,"__typename":"Product","approxPrice":false,"basicQuantityUnit":"KPL","comparisonPrice":13.5,"comparisonUnit":"KGM","consumerPackageSize":null,"consumerPackageUnit":null,"priceUnit":"KPL","quantityMultiplier":1,"brandName":"Spice Up!","slug":"spice-up-hapanimelakastike-100g","isAgeLimitedByAlcohol":false,"frozen":false,"packagingLabels":[],"packagingLabelCodes":[],"hierarchyPath":[{"id":"Herkku_00000421","name":"Ateriakastikkeet","slug":"oljyt-mausteet-maustaminen-1/maustekastikkeet-ja-tahnat/ateriakastikkeet","__typename":"HierarchyPathItem"},{"id":"Herkku_00000078","name":"Maustekastikkeet ja tahnat","slug":"oljyt-mausteet-maustaminen-1/maustekastikkeet-ja-tahnat","__typename":"HierarchyPathItem"},{"id":"Herkku_00000011","name":"Öljyt, mausteet, maustaminen","slug":"oljyt-mausteet-maustaminen-1","__typename":"HierarchyPathItem"}],"isGlobalFallback":null,"countryName":{"fi":"Thaimaa","__typename":"CountryName"}},{"id":"6430011811663","ean":"6430011811663","name":"Spice Up! Chow mein kastike 100g","price":1.35,"storeId":725782447,"__typename":"Product","approxPrice":false,"basicQuantityUnit":"KPL","comparisonPrice":13.5,"comparisonUnit":"KGM","consumerPackageSize":null,"consumerPackageUnit":null,"priceUnit":"KPL","quantityMultiplier":1,"brandName":"Spice Up!","slug":"spice-up-chow-mein-kastike-100g","isAgeLimitedByAlcohol":false,"frozen":false,"packagingLabels":[],"packagingLabelCodes":[],"hierarchyPath":[{"id":"Herkku_00000421","name":"Ateriakastikkeet","slug":"oljyt-mausteet-maustaminen-1/maustekastikkeet-ja-tahnat/ateriakastikkeet","__typename":"HierarchyPathItem"},{"id":"Herkku_00000078","name":"Maustekastikkeet ja tahnat","slug":"oljyt-mausteet-maustaminen-1/maustekastikkeet-ja-tahnat","__typename":"HierarchyPathItem"},{"id":"Herkku_00000011","name":"Öljyt, mausteet, maustaminen","slug":"oljyt-mausteet-maustaminen-1","__typename":"HierarchyPathItem"}],"isGlobalFallback":null,"countryName":{"fi":"Thaimaa","__typename":"CountryName"}},{"id":"6430012053482","ean":"6430012053482","name":"Friggs B-active vahva appelsiininmakuinen vitamiini-kivennäisaineporetabletti 20kpl","price":3.85,"storeId":725782447,"__typename":"Product","approxPrice":false,"basicQuantityUnit":"KPL","comparisonPrice":0.19,"comparisonUnit":"PCE","consumerPackageSize":null,"consumerPackageUnit":null,"priceUnit":"KPL","quantityMultiplier":1,"brandName":"Friggs","slug":"friggs-b-active-vahva-appelsiininmakuinen-vitamiini-kivennaisaineporetabletti-20kpl","isAgeLimitedByAlcohol":false,"frozen":false,"packagingLabels":[],"packagingLabelCodes":[],"hierarchyPath":[{"id":"Herkku_00001043","name":"B-vitamiinit","slug":"luontaistuotteet-ja-lisaravinteet-1/vitamiinit/b-vitamiinit","__typename":"HierarchyPathItem"},{"id":"Herkku_00000177","name":"Vitamiinit","slug":"luontaistuotteet-ja-lisaravinteet-1/vitamiinit","__typename":"HierarchyPathItem"},{"id":"Herkku_00000016","name":"Luontaistuotteet ja lisäravinteet","slug":"luontaistuotteet-ja-lisaravinteet-1","__typename":"HierarchyPathItem"}],"isGlobalFallback":null,"countryName":{"fi":"Slovakia","__typename":"CountryName"}},{"id":"6430013394522","ean":"6430013394522","name":"Akro Eko-kertakäyttökäsine L 100kpl","price":4.95,"storeId":725782447,"__typename":"Product","approxPrice":false,"basicQuantityUnit":"KPL","comparisonPrice":0.05,"comparisonUnit":"PCE","consumerPackageSize":null,"consumerPackageUnit":null,"priceUnit":"KPL","quantityMultiplier":1,"brandName":"Akro","slug":"akro-eko-kertakayttokasine-l-100kpl","isAgeLimitedByAlcohol":false,"frozen":false,"packagingLabels":[],"packagingLabelCodes":[],"hierarchyPath":[{"id":"1591691234699059","name":"Kumihanskat","slug":"kodinhoito-ja-taloustarvikkeet/siivousvalineet-ja-tarvikkeet/kumihanskat","__typename":"HierarchyPathItem"},{"id":"1591691234699048","name":"Siivousvälineet ja tarvikkeet","slug":"kodinhoito-ja-taloustarvikkeet/siivousvalineet-ja-tarvikkeet","__typename":"HierarchyPathItem"},{"id":"1591691234596256","name":"Kodinhoito ja taloustarvikkeet","slug":"kodinhoito-ja-taloustarvikkeet","__typename":"HierarchyPathItem"}],"isGlobalFallback":null,"countryName":{"fi":"Kiina","__typename":"CountryName"}},{"id":"6430014210395","ean":"6430014210395","name":"Riitan Herkku Mustikkapiirakka 200g","price":3.59,"storeId":725782447,"__typename":"Product","approxPrice":false,"basicQuantityUnit":"KPL","comparisonPrice":17.95,"comparisonUnit":"KGM","consumerPackageSize":null,"consumerPackageUnit":null,"priceUnit":"KPL","quantityMultiplier":1,"brandName":"Riitan Herkku","slug":"riitan-herkku-mustikkapiirakka-200g","isAgeLimitedByAlcohol":false,"frozen":false,"packagingLabels":[],"packagingLabelCodes":[],"hierarchyPath":[{"id":"Herkku_00000959","name":"Piirakat","slug":"leivat-keksit-ja-leivonnaiset-1/leivonnaiset/piirakat","__typename":"HierarchyPathItem"},{"id":"Herkku_00000152","name":"Leivonnaiset","slug":"leivat-keksit-ja-leivonnaiset-1/leivonnaiset","__typename":"HierarchyPathItem"},{"id":"Herkku_00000008","name":"Leivät, keksit ja leivonnaiset","slug":"leivat-keksit-ja-leivonnaiset-1","__typename":"HierarchyPathItem"}],"isGlobalFallback":null,"countryName":{"fi":"Suomi","__typename":"CountryName"}},{"id":"6430014212542","ean":"6430014212542","name":"Riitan Herkku Mokkapala 200g","price":3.98,"storeId":725782447,"__typename":"Product","approxPrice":false,"basicQuantityUnit":"KPL","comparisonPrice":19.9,"comparisonUnit":"KGM","consumerPackageSize":null,"consumerPackageUnit":null,"priceUnit":"KPL","quantityMultiplier":1,"brandName":"Riitan Herkku","slug":"riitan-herkku-mokkapala-200g","isAgeLimitedByAlcohol":false,"frozen":false,"packagingLabels":[],"packagingLabelCodes":[],"hierarchyPath":[{"id":"Herkku_00000961","name":"Leivokset","slug":"leivat-keksit-ja-leivonnaiset-1/leivonnaiset/leivokset","__typename":"HierarchyPathItem"},{"id":"Herkku_00000152","name":"Leivonnaiset","slug":"leivat-keksit-ja-leivonnaiset-1/leivonnaiset","__typename":"HierarchyPathItem"},{"id":"Herkku_00000008","name":"Leivät, keksit ja leivonnaiset","slug":"leivat-keksit-ja-leivonnaiset-1","__typename":"HierarchyPathItem"}],"isGlobalFallback":null,"countryName":{"fi":"Suomi","__typename":"CountryName"}},{"id":"6430014213242","ean":"6430014213242","name":"Riitan Herkku Gluteeniton Suklaamuffinssi 2x95g","price":4.45,"storeId":725782447,"__typename":"Product","approxPrice":false,"basicQuantityUnit":"KPL","comparisonPrice":23.42,"comparisonUnit":"KGM","consumerPackageSize":null,"consumerPackageUnit":null,"priceUnit":"KPL","quantityMultiplier":1,"brandName":"Riitan Herkku","slug":"riitan-herkku-gluteeniton-suklaamuffinssi-2x95g","isAgeLimitedByAlcohol":false,"frozen":false,"packagingLabels":[],"packagingLabelCodes":[],"hierarchyPath":[{"id":"Herkku_00000954","name":"Gluteenittomat makeat leivonnaiset","slug":"leivat-keksit-ja-leivonnaiset-1/gluteenittomat/gluteenittomat-makeat-leivonnaiset","__typename":"HierarchyPathItem"},{"id":"Herkku_00000155","name":"Gluteenittomat","slug":"leivat-keksit-ja-leivonnaiset-1/gluteenittomat","__typename":"HierarchyPathItem"},{"id":"Herkku_00000008","name":"Leivät, keksit ja leivonnaiset","slug":"leivat-keksit-ja-leivonnaiset-1","__typename":"HierarchyPathItem"}],"isGlobalFallback":null,"countryName":{"fi":"Suomi","__typename":"CountryName"}},{"id":"6430015533783","ean":"6430015533783","name":"Fazer Dumle kaurajuoma  1L, Toffeenmakuinen kaakaokaurajuoma","price":3.19,"storeId":725782447,"__typename":"Product","approxPrice":false,"basicQuantityUnit":"KPL","comparisonPrice":3.19,"comparisonUnit":"LTR","consumerPackageSize":null,"consumerPackageUnit":null,"priceUnit":"KPL","quantityMultiplier":1,"brandName":"Fazer","slug":"fazer-dumle-kaurajuoma-1l-toffeenmakuinen-kaakaokaurajuoma","isAgeLimitedByAlcohol":false,"frozen":false,"packagingLabels":["Kierrätysmerkki"],"packagingLabelCodes":["RECYCLABLE_GENERAL_CLAIM"],"hierarchyPath":[{"id":"Herkku_00000683","name":"Kaurajuomat","slug":"maito-munat-ja-rasvat-0/kasvipohjaiset-maitojuomat/kaurajuomat","__typename":"HierarchyPathItem"},{"id":"Herkku_00000123","name":"Kasvipohjaiset maitojuomat","slug":"maito-munat-ja-rasvat-0/kasvipohjaiset-maitojuomat","__typename":"HierarchyPathItem"},{"id":"Herkku_00000006","name":"Maito, munat ja rasvat","slug":"maito-munat-ja-rasvat-0","__typename":"HierarchyPathItem"}],"isGlobalFallback":null,"countryName":{"fi":"Suomi","__typename":"CountryName"}},{"id":"6430015533813","ean":"6430015533813","name":"Fazer Dumle kaurajuoma 250ml, Toffeenmakuinen kaakaokaurajuoma","price":1.79,"storeId":725782447,"__typename":"Product","approxPrice":false,"basicQuantityUnit":"KPL","comparisonPrice":7.16,"comparisonUnit":"LTR","consumerPackageSize":null,"consumerPackageUnit":null,"priceUnit":"KPL","quantityMultiplier":1,"brandName":"Fazer","slug":"fazer-dumle-kaurajuoma-250ml-toffeenmakuinen-kaakaokaurajuoma","isAgeLimitedByAlcohol":false,"frozen":false,"packagingLabels":["Kierrätysmerkki"],"packagingLabelCodes":["RECYCLABLE_GENERAL_CLAIM"],"hierarchyPath":[{"id":"Herkku_00000683","name":"Kaurajuomat","slug":"maito-munat-ja-rasvat-0/kasvipohjaiset-maitojuomat/kaurajuomat","__typename":"HierarchyPathItem"},{"id":"Herkku_00000123","name":"Kasvipohjaiset maitojuomat","slug":"maito-munat-ja-rasvat-0/kasvipohjaiset-maitojuomat","__typename":"HierarchyPathItem"},{"id":"Herkku_00000006","name":"Maito, munat ja rasvat","slug":"maito-munat-ja-rasvat-0","__typename":"HierarchyPathItem"}],"isGlobalFallback":null,"countryName":{"fi":"Suomi","__typename":"CountryName"}},{"id":"6430015537163","ean":"6430015537163","name":"Fazer Aito Kauragurtti Metsämarja 400g fermentoitu kauravälipala","price":2.25,"storeId":725782447,"__typename":"Product","approxPrice":false,"basicQuantityUnit":"KPL","comparisonPrice":5.63,"comparisonUnit":"KGM","consumerPackageSize":null,"consumerPackageUnit":null,"priceUnit":"KPL","quantityMultiplier":1,"brandName":"Fazer Aito","slug":"fazer-aito-kauragurtti-metsamarja-400g-fermentoitu-kauravalipala","isAgeLimitedByAlcohol":false,"frozen":false,"packagingLabels":["Avainlippu"," Sydänmerkki"],"packagingLabelCodes":["FINNISH_HEART_SYMBOL"," MADE_IN_FINLAND_FLAG_WITH_KEY"],"hierarchyPath":[{"id":"Herkku_00000640","name":"Kasvipohjaiset jogurtit","slug":"maito-munat-ja-rasvat-0/jogurtit/kasvipohjaiset-jogurtit","__typename":"HierarchyPathItem"},{"id":"Herkku_00000118","name":"Jogurtit","slug":"maito-munat-ja-rasvat-0/jogurtit","__typename":"HierarchyPathItem"},{"id":"Herkku_00000006","name":"Maito, munat ja rasvat","slug":"maito-munat-ja-rasvat-0","__typename":"HierarchyPathItem"}],"isGlobalFallback":null,"countryName":{"fi":"Suomi","__typename":"CountryName"}},{"id":"6430015537248","ean":"6430015537248","name":"Fazer Aito Kauragurtti Mango 400g, fermentoitu kauravälipala","price":2.25,"storeId":725782447,"__typename":"Product","approxPrice":false,"basicQuantityUnit":"KPL","comparisonPrice":5.63,"comparisonUnit":"KGM","consumerPackageSize":null,"consumerPackageUnit":null,"priceUnit":"KPL","quantityMultiplier":1,"brandName":"Fazer Aito","slug":"fazer-aito-kauragurtti-mango-400g-fermentoitu-kauravalipala","isAgeLimitedByAlcohol":false,"frozen":false,"packagingLabels":["Avainlippu"," Sydänmerkki"],"packagingLabelCodes":["FINNISH_HEART_SYMBOL"," MADE_IN_FINLAND_FLAG_WITH_KEY"],"hierarchyPath":[{"id":"Herkku_00000640","name":"Kasvipohjaiset jogurtit","slug":"maito-munat-ja-rasvat-0/jogurtit/kasvipohjaiset-jogurtit","__typename":"HierarchyPathItem"},{"id":"Herkku_00000118","name":"Jogurtit","slug":"maito-munat-ja-rasvat-0/jogurtit","__typename":"HierarchyPathItem"},{"id":"Herkku_00000006","name":"Maito, munat ja rasvat","slug":"maito-munat-ja-rasvat-0","__typename":"HierarchyPathItem"}],"isGlobalFallback":null,"countryName":{"fi":"Suomi","__typename":"CountryName"}},{"id":"6430015538009","ean":"6430015538009","name":"Fazer Aito 1l ESL Gluteeniton Kaurajuoma","price":2.15,"storeId":725782447,"__typename":"Product","approxPrice":false,"basicQuantityUnit":"KPL","comparisonPrice":2.15,"comparisonUnit":"LTR","consumerPackageSize":null,"consumerPackageUnit":null,"priceUnit":"KPL","quantityMultiplier":1,"brandName":"Aito","slug":"fazer-aito-1l-esl-gluteeniton-kaurajuoma","isAgeLimitedByAlcohol":false,"frozen":false,"packagingLabels":["FSC mix (Forest Stewardship Council)"," Hyvää Suomesta (Sininen Joutsen)"," Kierrätysmerkki"],"packagingLabelCodes":["FOREST_STEWARDSHIP_COUNCIL_MIX"," GOODS_FROM_FINLAND_BLUE_SWAN"," RECYCLABLE_GENERAL_CLAIM"],"hierarchyPath":[{"id":"Herkku_00000683","name":"Kaurajuomat","slug":"maito-munat-ja-rasvat-0/kasvipohjaiset-maitojuomat/kaurajuomat","__typename":"HierarchyPathItem"},{"id":"Herkku_00000123","name":"Kasvipohjaiset maitojuomat","slug":"maito-munat-ja-rasvat-0/kasvipohjaiset-maitojuomat","__typename":"HierarchyPathItem"},{"id":"Herkku_00000006","name":"Maito, munat ja rasvat","slug":"maito-munat-ja-rasvat-0","__typename":"HierarchyPathItem"}],"isGlobalFallback":null,"countryName":{"fi":"Suomi","__typename":"CountryName"}},{"id":"6430015538108","ean":"6430015538108","name":"Fazer Aito 250ml KauraVispi gluteeniton vispautuva kaura-kasvirasvavalmiste","price":1.49,"storeId":725782447,"__typename":"Product","approxPrice":false,"basicQuantityUnit":"KPL","comparisonPrice":5.96,"comparisonUnit":"LTR","consumerPackageSize":null,"consumerPackageUnit":null,"priceUnit":"KPL","quantityMultiplier":1,"brandName":"Fazer Aito","slug":"fazer-aito-250ml-kauravispi-gluteeniton-vispautuva-kaura-kasvirasvavalmiste","isAgeLimitedByAlcohol":false,"frozen":false,"packagingLabels":["FSC mix (Forest Stewardship Council)"," Kierrätysmerkki"],"packagingLabelCodes":["FOREST_STEWARDSHIP_COUNCIL_MIX"," RECYCLABLE_GENERAL_CLAIM"],"hierarchyPath":[{"id":"1591691235643754","name":"Kasvikermat","slug":"maito-munat-ja-rasvat-0/kermat/kasvikermat","__typename":"HierarchyPathItem"},{"id":"1591691235643733","name":"Kermat","slug":"maito-munat-ja-rasvat-0/kermat","__typename":"HierarchyPathItem"},{"id":"Herkku_00000006","name":"Maito, munat ja rasvat","slug":"maito-munat-ja-rasvat-0","__typename":"HierarchyPathItem"}],"isGlobalFallback":null,"countryName":{"fi":"Suomi","__typename":"CountryName"}},{"id":"6430016342285","ean":"6430016342285","name":"Jokilaakson Juusto Vegaanin Pizzamuru 175g","price":2.69,"storeId":725782447,"__typename":"Product","approxPrice":false,"basicQuantityUnit":"KPL","comparisonPrice":15.37,"comparisonUnit":"KGM","consumerPackageSize":null,"consumerPackageUnit":null,"priceUnit":"KPL","quantityMultiplier":1,"brandName":"Jokilaakson Juusto","slug":"jokilaakson-juusto-vegaanin-pizzamuru-175g","isAgeLimitedByAlcohol":false,"frozen":false,"packagingLabels":[],"packagingLabelCodes":[],"hierarchyPath":[{"id":"1591691244827941","name":"Muut kasvipohjaiset juustot","slug":"juustot-0/kasvipohjaiset-juustot/muut-kasvipohjaiset-juustot","__typename":"HierarchyPathItem"},{"id":"1591691244827917","name":"Kasvipohjaiset juustot","slug":"juustot-0/kasvipohjaiset-juustot","__typename":"HierarchyPathItem"},{"id":"Herkku_00000003","name":"Juustot","slug":"juustot-0","__typename":"HierarchyPathItem"}],"isGlobalFallback":null,"countryName":null},{"id":"6430017901320","ean":"6430017901320","name":"Laitilan Kanatarha Vapaa M10 580g Vastuullinen valinta","price":2.99,"storeId":725782447,"__typename":"Product","approxPrice":false,"basicQuantityUnit":"KPL","comparisonPrice":5.16,"comparisonUnit":"KGM","consumerPackageSize":null,"consumerPackageUnit":null,"priceUnit":"KPL","quantityMultiplier":1,"brandName":"Laitilan Kanatarha","slug":"laitilan-kanatarha-vapaa-m10-580g-vastuullinen-valinta","isAgeLimitedByAlcohol":false,"frozen":false,"packagingLabels":["Avainlippu"],"packagingLabelCodes":["MADE_IN_FINLAND_FLAG_WITH_KEY"],"hierarchyPath":[{"id":"Herkku_00000681","name":"Vapaan kanan munat","slug":"maito-munat-ja-rasvat-0/munat/vapaan-kanan-munat","__typename":"HierarchyPathItem"},{"id":"Herkku_00000121","name":"Munat","slug":"maito-munat-ja-rasvat-0/munat","__typename":"HierarchyPathItem"},{"id":"Herkku_00000006","name":"Maito, munat ja rasvat","slug":"maito-munat-ja-rasvat-0","__typename":"HierarchyPathItem"}],"isGlobalFallback":null,"countryName":{"fi":"Suomi","__typename":"CountryName"}},{"id":"6430017904017","ean":"6430017904017","name":"Laitilan Kanatarha Ulkokanojen munia L6 408g","price":2.35,"storeId":725782447,"__typename":"Product","approxPrice":false,"basicQuantityUnit":"KPL","comparisonPrice":6.22,"comparisonUnit":"KGM","consumerPackageSize":null,"consumerPackageUnit":null,"priceUnit":"KPL","quantityMultiplier":1,"brandName":"Laitilan Kanatarha","slug":"laitilan-kanatarha-ulkokanojen-munia-l6-408g","isAgeLimitedByAlcohol":false,"frozen":false,"packagingLabels":["Avainlippu"],"packagingLabelCodes":["MADE_IN_FINLAND_FLAG_WITH_KEY"],"hierarchyPath":[{"id":"Herkku_00000676","name":"Muut munat","slug":"maito-munat-ja-rasvat-0/munat/muut-munat","__typename":"HierarchyPathItem"},{"id":"Herkku_00000121","name":"Munat","slug":"maito-munat-ja-rasvat-0/munat","__typename":"HierarchyPathItem"},{"id":"Herkku_00000006","name":"Maito, munat ja rasvat","slug":"maito-munat-ja-rasvat-0","__typename":"HierarchyPathItem"}],"isGlobalFallback":null,"countryName":{"fi":"Suomi","__typename":"CountryName"}},{"id":"6430018363516","ean":"6430018363516","name":"SportLife Nutrition SCREAM FOCUS 330ml Fruit Crush hiilihapotettu funktionaalinen juoma","price":2.19,"storeId":725782447,"__typename":"Product","approxPrice":false,"basicQuantityUnit":"KPL","comparisonPrice":6.18,"comparisonUnit":"LTR","consumerPackageSize":null,"consumerPackageUnit":null,"priceUnit":"KPL","quantityMultiplier":1,"brandName":"Sportlife Nutrition","slug":"sportlife-nutrition-scream-focus-330ml-fruit-crush-hiilihapotettu-funktionaalinen-juoma","isAgeLimitedByAlcohol":false,"frozen":false,"packagingLabels":["Avainlippu"],"packagingLabelCodes":["MADE_IN_FINLAND_FLAG_WITH_KEY"],"hierarchyPath":[{"id":"Herkku_00000977","name":"Ready to drink -juomat","slug":"luontaistuotteet-ja-lisaravinteet-1/urheiluravinnejuomat/ready-to-drink-juomat","__typename":"HierarchyPathItem"},{"id":"Herkku_00000158","name":"Urheiluravinnejuomat","slug":"luontaistuotteet-ja-lisaravinteet-1/urheiluravinnejuomat","__typename":"HierarchyPathItem"},{"id":"Herkku_00000016","name":"Luontaistuotteet ja lisäravinteet","slug":"luontaistuotteet-ja-lisaravinteet-1","__typename":"HierarchyPathItem"}],"isGlobalFallback":null,"countryName":{"fi":"Suomi","__typename":"CountryName"}},{"id":"6430018363530","ean":"6430018363530","name":"SportLife Nutrition SCREAM HYDRATE 500ml Blood Orange hiilihapotettu nesteytysjuoma","price":2.19,"storeId":725782447,"__typename":"Product","approxPrice":false,"basicQuantityUnit":"KPL","comparisonPrice":3.98,"comparisonUnit":"LTR","consumerPackageSize":null,"consumerPackageUnit":null,"priceUnit":"KPL","quantityMultiplier":1,"brandName":"Sportlife Nutrition","slug":"sportlife-nutrition-scream-hydrate-500ml-blood-orange-hiilihapotettu-nesteytysjuoma","isAgeLimitedByAlcohol":false,"frozen":false,"packagingLabels":["Avainlippu"],"packagingLabelCodes":["MADE_IN_FINLAND_FLAG_WITH_KEY"],"hierarchyPath":[{"id":"Herkku_00000977","name":"Ready to drink -juomat","slug":"luontaistuotteet-ja-lisaravinteet-1/urheiluravinnejuomat/ready-to-drink-juomat","__typename":"HierarchyPathItem"},{"id":"Herkku_00000158","name":"Urheiluravinnejuomat","slug":"luontaistuotteet-ja-lisaravinteet-1/urheiluravinnejuomat","__typename":"HierarchyPathItem"},{"id":"Herkku_00000016","name":"Luontaistuotteet ja lisäravinteet","slug":"luontaistuotteet-ja-lisaravinteet-1","__typename":"HierarchyPathItem"}],"isGlobalFallback":null,"countryName":{"fi":"Suomi","__typename":"CountryName"}},{"id":"6430018363547","ean":"6430018363547","name":"SportLife Nutrition SCREAM HYDRATE 330ml Berry Blitz hiilihapotettu nesteytysjuoma","price":2.19,"storeId":725782447,"__typename":"Product","approxPrice":false,"basicQuantityUnit":"KPL","comparisonPrice":6.18,"comparisonUnit":"LTR","consumerPackageSize":null,"consumerPackageUnit":null,"priceUnit":"KPL","quantityMultiplier":1,"brandName":"Sportlife Nutrition","slug":"sportlife-nutrition-scream-hydrate-330ml-berry-blitz-hiilihapotettu-nesteytysjuoma","isAgeLimitedByAlcohol":false,"frozen":false,"packagingLabels":["Avainlippu"],"packagingLabelCodes":["MADE_IN_FINLAND_FLAG_WITH_KEY"],"hierarchyPath":[{"id":"Herkku_00000977","name":"Ready to drink -juomat","slug":"luontaistuotteet-ja-lisaravinteet-1/urheiluravinnejuomat/ready-to-drink-juomat","__typename":"HierarchyPathItem"},{"id":"Herkku_00000158","name":"Urheiluravinnejuomat","slug":"luontaistuotteet-ja-lisaravinteet-1/urheiluravinnejuomat","__typename":"HierarchyPathItem"},{"id":"Herkku_00000016","name":"Luontaistuotteet ja lisäravinteet","slug":"luontaistuotteet-ja-lisaravinteet-1","__typename":"HierarchyPathItem"}],"isGlobalFallback":null,"countryName":{"fi":"Suomi","__typename":"CountryName"}},{"id":"6430018363554","ean":"6430018363554","name":"SportLife Nutrition SCREAM HYDRATE 500ml Peach hiilihapotettu nesteytysjuoma","price":2.19,"storeId":725782447,"__typename":"Product","approxPrice":false,"basicQuantityUnit":"KPL","comparisonPrice":3.98,"comparisonUnit":"LTR","consumerPackageSize":null,"consumerPackageUnit":null,"priceUnit":"KPL","quantityMultiplier":1,"brandName":"Sportlife Nutrition","slug":"sportlife-nutrition-scream-hydrate-500ml-peach-hiilihapotettu-nesteytysjuoma","isAgeLimitedByAlcohol":false,"frozen":false,"packagingLabels":["Avainlippu"],"packagingLabelCodes":["MADE_IN_FINLAND_FLAG_WITH_KEY"],"hierarchyPath":[{"id":"Herkku_00000977","name":"Ready to drink -juomat","slug":"luontaistuotteet-ja-lisaravinteet-1/urheiluravinnejuomat/ready-to-drink-juomat","__typename":"HierarchyPathItem"},{"id":"Herkku_00000158","name":"Urheiluravinnejuomat","slug":"luontaistuotteet-ja-lisaravinteet-1/urheiluravinnejuomat","__typename":"HierarchyPathItem"},{"id":"Herkku_00000016","name":"Luontaistuotteet ja lisäravinteet","slug":"luontaistuotteet-ja-lisaravinteet-1","__typename":"HierarchyPathItem"}],"isGlobalFallback":null,"countryName":{"fi":"Suomi","__typename":"CountryName"}},{"id":"6430022930025","ean":"6430022930025","name":"Siipiweikot Medium siipikastike 0,5l","price":8.85,"storeId":725782447,"__typename":"Product","approxPrice":false,"basicQuantityUnit":"KPL","comparisonPrice":17.7,"comparisonUnit":"LTR","consumerPackageSize":null,"consumerPackageUnit":null,"priceUnit":"KPL","quantityMultiplier":1,"brandName":"Siipiweikot","slug":"siipiweikot-medium-siipikastike-0-5l","isAgeLimitedByAlcohol":false,"frozen":false,"packagingLabels":[],"packagingLabelCodes":[],"hierarchyPath":[{"id":"Herkku_00000423","name":"Grillaus- ja marinointikastikkeet","slug":"oljyt-mausteet-maustaminen-1/maustekastikkeet-ja-tahnat/grillaus-ja-marinointikastikkeet","__typename":"HierarchyPathItem"},{"id":"Herkku_00000078","name":"Maustekastikkeet ja tahnat","slug":"oljyt-mausteet-maustaminen-1/maustekastikkeet-ja-tahnat","__typename":"HierarchyPathItem"},{"id":"Herkku_00000011","name":"Öljyt, mausteet, maustaminen","slug":"oljyt-mausteet-maustaminen-1","__typename":"HierarchyPathItem"}],"isGlobalFallback":null,"countryName":{"fi":"Suomi","__typename":"CountryName"}},{"id":"6430025256900","ean":"6430025256900","name":"Myrttisen Valkosipulisuolakurkku 2kpl 180g","price":2.55,"storeId":725782447,"__typename":"Product","approxPrice":false,"basicQuantityUnit":"KPL","comparisonPrice":14.17,"comparisonUnit":"KGM","consumerPackageSize":null,"consumerPackageUnit":null,"priceUnit":"KPL","quantityMultiplier":1,"brandName":"Myrttinen","slug":"myrttisen-valkosipulisuolakurkku-2kpl-180g","isAgeLimitedByAlcohol":false,"frozen":false,"packagingLabels":["Hyvää Suomesta (Sininen Joutsen)"],"packagingLabelCodes":["GOODS_FROM_FINLAND_BLUE_SWAN"],"hierarchyPath":[{"id":"Herkku_00000209","name":"Kurkut","slug":"hedelmat-ja-vihannekset-1/vihannekset/kurkut","__typename":"HierarchyPathItem"},{"id":"Herkku_00000023","name":"Vihannekset","slug":"hedelmat-ja-vihannekset-1/vihannekset","__typename":"HierarchyPathItem"},{"id":"Herkku_00000001","name":"Hedelmät ja vihannekset","slug":"hedelmat-ja-vihannekset-1","__typename":"HierarchyPathItem"}],"isGlobalFallback":null,"countryName":{"fi":"Suomi","__typename":"CountryName"}},{"id":"6430025256955","ean":"6430025256955","name":"Myrttisen maustekurkku 2kpl 180g","price":2.98,"storeId":725782447,"__typename":"Product","approxPrice":false,"basicQuantityUnit":"KPL","comparisonPrice":16.56,"comparisonUnit":"KGM","consumerPackageSize":null,"consumerPackageUnit":null,"priceUnit":"KPL","quantityMultiplier":1,"brandName":"Myrttinen","slug":"myrttisen-maustekurkku-2kpl-180g","isAgeLimitedByAlcohol":false,"frozen":false,"packagingLabels":["Hyvää Suomesta (Sininen Joutsen)"],"packagingLabelCodes":["GOODS_FROM_FINLAND_BLUE_SWAN"],"hierarchyPath":[{"id":"Herkku_00000209","name":"Kurkut","slug":"hedelmat-ja-vihannekset-1/vihannekset/kurkut","__typename":"HierarchyPathItem"},{"id":"Herkku_00000023","name":"Vihannekset","slug":"hedelmat-ja-vihannekset-1/vihannekset","__typename":"HierarchyPathItem"},{"id":"Herkku_00000001","name":"Hedelmät ja vihannekset","slug":"hedelmat-ja-vihannekset-1","__typename":"HierarchyPathItem"}],"isGlobalFallback":null,"countryName":{"fi":"Suomi","__typename":"CountryName"}},{"id":"6430025257433","ean":"6430025257433","name":"Myrttisen kokonaiset punajuuret 1-3 kpl 200g","price":2.49,"storeId":725782447,"__typename":"Product","approxPrice":false,"basicQuantityUnit":"KPL","comparisonPrice":12.45,"comparisonUnit":"KGM","consumerPackageSize":null,"consumerPackageUnit":null,"priceUnit":"KPL","quantityMultiplier":1,"brandName":"Myrttinen","slug":"myrttisen-kokonaiset-punajuuret-1-3-kpl-200g","isAgeLimitedByAlcohol":false,"frozen":false,"packagingLabels":["Hyvää Suomesta (Sininen Joutsen)"],"packagingLabelCodes":["GOODS_FROM_FINLAND_BLUE_SWAN"],"hierarchyPath":[{"id":"1591691250879975","name":"Punajuuret","slug":"hedelmat-ja-vihannekset-1/juurekset/punajuuret","__typename":"HierarchyPathItem"},{"id":"Herkku_00000019","name":"Juurekset","slug":"hedelmat-ja-vihannekset-1/juurekset","__typename":"HierarchyPathItem"},{"id":"Herkku_00000001","name":"Hedelmät ja vihannekset","slug":"hedelmat-ja-vihannekset-1","__typename":"HierarchyPathItem"}],"isGlobalFallback":null,"countryName":{"fi":"Suomi","__typename":"CountryName"}},{"id":"6430025258010","ean":"6430025258010","name":"Memmas Knossos Luomu Extra Neitsytoliiviöljy 500 ml","price":7.65,"storeId":725782447,"__typename":"Product","approxPrice":false,"basicQuantityUnit":"KPL","comparisonPrice":15.3,"comparisonUnit":"LTR","consumerPackageSize":null,"consumerPackageUnit":null,"priceUnit":"KPL","quantityMultiplier":1,"brandName":"Memmas Knossos","slug":"memmas-knossos-luomu-extra-neitsytoliivioljy-500-ml","isAgeLimitedByAlcohol":false,"frozen":false,"packagingLabels":["EU:n luomutunnus (lehti)"],"packagingLabelCodes":["EU_ORGANIC_FARMING"],"hierarchyPath":[{"id":"Herkku_00000442","name":"Oliiviöljyt","slug":"oljyt-mausteet-maustaminen-1/oljyt/oliivioljyt","__typename":"HierarchyPathItem"},{"id":"Herkku_00000081","name":"Öljyt","slug":"oljyt-mausteet-maustaminen-1/oljyt","__typename":"HierarchyPathItem"},{"id":"Herkku_00000011","name":"Öljyt, mausteet, maustaminen","slug":"oljyt-mausteet-maustaminen-1","__typename":"HierarchyPathItem"}],"isGlobalFallback":null,"countryName":{"fi":"Kreikka","__typename":"CountryName"}},{"id":"6430025525587","ean":"6430025525587","name":"Greendeli Granola & Mustikka Jogurtti 210 g","price":3.69,"storeId":725782447,"__typename":"Product","approxPrice":false,"basicQuantityUnit":"KPL","comparisonPrice":17.57,"comparisonUnit":"KGM","consumerPackageSize":null,"consumerPackageUnit":null,"priceUnit":"KPL","quantityMultiplier":1,"brandName":"Greendeli","slug":"greendeli-granola-and-mustikka-jogurtti-210-g","isAgeLimitedByAlcohol":false,"frozen":false,"packagingLabels":[],"packagingLabelCodes":[],"hierarchyPath":[{"id":"1591691237218689","name":"Kiisselit","slug":"valmisruoka-1/puurot-ja-kiisselit/kiisselit","__typename":"HierarchyPathItem"},{"id":"1591691237074397","name":"Puurot ja kiisselit","slug":"valmisruoka-1/puurot-ja-kiisselit","__typename":"HierarchyPathItem"},{"id":"StructureGroup_1356670909914497","name":"Valmisruoka","slug":"valmisruoka-1","__typename":"HierarchyPathItem"}],"isGlobalFallback":null,"countryName":{"fi":"Suomi","__typename":"CountryName"}},{"id":"6430025526256","ean":"6430025526256","name":"Greendeli Kana Avokado Wrap 270 g","price":4.98,"storeId":725782447,"__typename":"Product","approxPrice":false,"basicQuantityUnit":"KPL","comparisonPrice":18.44,"comparisonUnit":"KGM","consumerPackageSize":null,"consumerPackageUnit":null,"priceUnit":"KPL","quantityMultiplier":1,"brandName":"Greendeli","slug":"greendeli-kana-avokado-wrap-270-g","isAgeLimitedByAlcohol":false,"frozen":false,"packagingLabels":[],"packagingLabelCodes":[],"hierarchyPath":[{"id":"1591691237218566","name":"Leivät, paninit ja wrapit","slug":"valmisruoka-1/valmisateriat-ja-keitot/leivat-paninit-ja-wrapit","__typename":"HierarchyPathItem"},{"id":"1591691237074396","name":"Valmisateriat ja -keitot","slug":"valmisruoka-1/valmisateriat-ja-keitot","__typename":"HierarchyPathItem"},{"id":"StructureGroup_1356670909914497","name":"Valmisruoka","slug":"valmisruoka-1","__typename":"HierarchyPathItem"}],"isGlobalFallback":null,"countryName":{"fi":"Suomi","__typename":"CountryName"}},{"id":"6430025526294","ean":"6430025526294","name":"Greendeli Beef-Teriyaki Wrap 265 g","price":4.98,"storeId":725782447,"__typename":"Product","approxPrice":false,"basicQuantityUnit":"KPL","comparisonPrice":18.79,"comparisonUnit":"KGM","consumerPackageSize":null,"consumerPackageUnit":null,"priceUnit":"KPL","quantityMultiplier":1,"brandName":"Greendeli","slug":"greendeli-beef-teriyaki-wrap-265-g","isAgeLimitedByAlcohol":false,"frozen":false,"packagingLabels":[],"packagingLabelCodes":[],"hierarchyPath":[{"id":"1591691237218566","name":"Leivät, paninit ja wrapit","slug":"valmisruoka-1/valmisateriat-ja-keitot/leivat-paninit-ja-wrapit","__typename":"HierarchyPathItem"},{"id":"1591691237074396","name":"Valmisateriat ja -keitot","slug":"valmisruoka-1/valmisateriat-ja-keitot","__typename":"HierarchyPathItem"},{"id":"StructureGroup_1356670909914497","name":"Valmisruoka","slug":"valmisruoka-1","__typename":"HierarchyPathItem"}],"isGlobalFallback":null,"countryName":{"fi":"Suomi","__typename":"CountryName"}},{"id":"6430025640198","ean":"6430025640198","name":"Capsi Viinihappo 50g","price":1.49,"storeId":725782447,"__typename":"Product","approxPrice":false,"basicQuantityUnit":"KPL","comparisonPrice":29.8,"comparisonUnit":"PCE","consumerPackageSize":null,"consumerPackageUnit":null,"priceUnit":"KPL","quantityMultiplier":1,"brandName":"Capsi","slug":"capsi-viinihappo-50g","isAgeLimitedByAlcohol":false,"frozen":false,"packagingLabels":[],"packagingLabelCodes":[],"hierarchyPath":[{"id":"Herkku_00000073","name":"Säilöntäaineet","slug":"kuivatuotteet-ja-leivonta-1/sailontaaineet","__typename":"HierarchyPathItem"},{"id":"Herkku_00000007","name":"Kuivatuotteet ja leivonta","slug":"kuivatuotteet-ja-leivonta-1","__typename":"HierarchyPathItem"}],"isGlobalFallback":null,"countryName":{"fi":"Italia","__typename":"CountryName"}},{"id":"6430028230150","ean":"6430028230150","name":"Mummon muusi 210g perunamuusijauhe","price":1.75,"storeId":725782447,"__typename":"Product","approxPrice":false,"basicQuantityUnit":"KPL","comparisonPrice":8.33,"comparisonUnit":"KGM","consumerPackageSize":null,"consumerPackageUnit":null,"priceUnit":"KPL","quantityMultiplier":1,"brandName":"Mummon","slug":"mummon-muusi-210g-perunamuusijauhe","isAgeLimitedByAlcohol":false,"frozen":false,"packagingLabels":["Hyvää Suomesta (Sininen Joutsen)"],"packagingLabelCodes":["GOODS_FROM_FINLAND_BLUE_SWAN"],"hierarchyPath":[{"id":"Herkku_00000490","name":"Perunasoseainekset","slug":"kuivatuotteet-ja-leivonta-1/riisit-pastat-ja-nuudelit/perunasoseainekset","__typename":"HierarchyPathItem"},{"id":"Herkku_00000088","name":"Riisit, pastat ja nuudelit","slug":"kuivatuotteet-ja-leivonta-1/riisit-pastat-ja-nuudelit","__typename":"HierarchyPathItem"},{"id":"Herkku_00000007","name":"Kuivatuotteet ja leivonta","slug":"kuivatuotteet-ja-leivonta-1","__typename":"HierarchyPathItem"}],"isGlobalFallback":null,"countryName":{"fi":"Suomi","__typename":"CountryName"}},{"id":"6430028230167","ean":"6430028230167","name":"Mummon muusi 420g perunamuusijauhe maidoton 12 annosta","price":3.15,"storeId":725782447,"__typename":"Product","approxPrice":false,"basicQuantityUnit":"KPL","comparisonPrice":7.5,"comparisonUnit":"KGM","consumerPackageSize":null,"consumerPackageUnit":null,"priceUnit":"KPL","quantityMultiplier":1,"brandName":"Mummon","slug":"mummon-muusi-420g-perunamuusijauhe-maidoton-12-annosta","isAgeLimitedByAlcohol":false,"frozen":false,"packagingLabels":["Hyvää Suomesta (Sininen Joutsen)"],"packagingLabelCodes":["GOODS_FROM_FINLAND_BLUE_SWAN"],"hierarchyPath":[{"id":"Herkku_00000490","name":"Perunasoseainekset","slug":"kuivatuotteet-ja-leivonta-1/riisit-pastat-ja-nuudelit/perunasoseainekset","__typename":"HierarchyPathItem"},{"id":"Herkku_00000088","name":"Riisit, pastat ja nuudelit","slug":"kuivatuotteet-ja-leivonta-1/riisit-pastat-ja-nuudelit","__typename":"HierarchyPathItem"},{"id":"Herkku_00000007","name":"Kuivatuotteet ja leivonta","slug":"kuivatuotteet-ja-leivonta-1","__typename":"HierarchyPathItem"}],"isGlobalFallback":null,"countryName":{"fi":"Suomi","__typename":"CountryName"}},{"id":"6430030783897","ean":"6430030783897","name":"Hau-Hau Champion Kanatikku 12 g","price":0.65,"storeId":725782447,"__typename":"Product","approxPrice":false,"basicQuantityUnit":"KPL","comparisonPrice":54.17,"comparisonUnit":"KGM","consumerPackageSize":null,"consumerPackageUnit":null,"priceUnit":"KPL","quantityMultiplier":1,"brandName":"Hau-Hau Champion","slug":"hau-hau-champion-kanatikku-12-g","isAgeLimitedByAlcohol":false,"frozen":false,"packagingLabels":[],"packagingLabelCodes":[],"hierarchyPath":[{"id":"Herkku_00000540","name":"Koiran ajanvietetuotteet ja makupalat","slug":"lemmikit-1/koiranruoat/koiran-ajanvietetuotteet-ja-makupalat","__typename":"HierarchyPathItem"},{"id":"Herkku_00000102","name":"Koiranruoat","slug":"lemmikit-1/koiranruoat","__typename":"HierarchyPathItem"},{"id":"Herkku_00000012","name":"Lemmikit","slug":"lemmikit-1","__typename":"HierarchyPathItem"}],"isGlobalFallback":null,"countryName":{"fi":"Kiina","__typename":"CountryName"}},{"id":"6430030783903","ean":"6430030783903","name":"Hau-Hau Champion Lihatikku 12 g","price":0.65,"storeId":725782447,"__typename":"Product","approxPrice":false,"basicQuantityUnit":"KPL","comparisonPrice":54.17,"comparisonUnit":"KGM","consumerPackageSize":null,"consumerPackageUnit":null,"priceUnit":"KPL","quantityMultiplier":1,"brandName":"Hau-Hau Champion","slug":"hau-hau-champion-lihatikku-12-g","isAgeLimitedByAlcohol":false,"frozen":false,"packagingLabels":[],"packagingLabelCodes":[],"hierarchyPath":[{"id":"Herkku_00000540","name":"Koiran ajanvietetuotteet ja makupalat","slug":"lemmikit-1/koiranruoat/koiran-ajanvietetuotteet-ja-makupalat","__typename":"HierarchyPathItem"},{"id":"Herkku_00000102","name":"Koiranruoat","slug":"lemmikit-1/koiranruoat","__typename":"HierarchyPathItem"},{"id":"Herkku_00000012","name":"Lemmikit","slug":"lemmikit-1","__typename":"HierarchyPathItem"}],"isGlobalFallback":null,"countryName":{"fi":"Kiina","__typename":"CountryName"}},{"id":"6430032800813","ean":"6430032800813","name":"Raikastamo Iso Omena-Päärynä luomumehu 1L","price":2.98,"storeId":725782447,"__typename":"Product","approxPrice":false,"basicQuantityUnit":"KPL","comparisonPrice":2.98,"comparisonUnit":"LTR","consumerPackageSize":null,"consumerPackageUnit":null,"priceUnit":"KPL","quantityMultiplier":1,"brandName":"Raikastamo","slug":"raikastamo-iso-omena-paaryna-luomumehu-1l","isAgeLimitedByAlcohol":false,"frozen":false,"packagingLabels":["EU:n luomutunnus (lehti)"," Luomumerkki (Aurinko)"],"packagingLabelCodes":["EU_ORGANIC_FARMING"," OFFICIAL_ECO_LABEL_SUN"],"hierarchyPath":[{"id":"Herkku_00000655","name":"Omenamehut","slug":"juomat-1/mehut/omenamehut","__typename":"HierarchyPathItem"},{"id":"Herkku_00000120","name":"Mehut","slug":"juomat-1/mehut","__typename":"HierarchyPathItem"},{"id":"Herkku_00000005","name":"Juomat","slug":"juomat-1","__typename":"HierarchyPathItem"}],"isGlobalFallback":null,"countryName":{"fi":"Latvia","__typename":"CountryName"}},{"id":"6430032830247","ean":"6430032830247","name":"Herkkujuustola SavuHilma kypsytetty, savustettu, pala 150g","price":4.55,"storeId":725782447,"__typename":"Product","approxPrice":false,"basicQuantityUnit":"KPL","comparisonPrice":30.33,"comparisonUnit":"KGM","consumerPackageSize":null,"consumerPackageUnit":null,"priceUnit":"KPL","quantityMultiplier":1,"brandName":"Herkkujuustola","slug":"herkkujuustola-savuhilma-kypsytetty-savustettu-pala-150g","isAgeLimitedByAlcohol":false,"frozen":false,"packagingLabels":["Hyvää Suomesta (Sininen Joutsen)"],"packagingLabelCodes":["GOODS_FROM_FINLAND_BLUE_SWAN"],"hierarchyPath":[{"id":"1591691244827937","name":"Muut erikoisjuustot","slug":"juustot-0/ruoka-ja-herkuttelujuustot/muut-erikoisjuustot","__typename":"HierarchyPathItem"},{"id":"1591691244827915","name":"Ruoka- ja herkuttelujuustot","slug":"juustot-0/ruoka-ja-herkuttelujuustot","__typename":"HierarchyPathItem"},{"id":"Herkku_00000003","name":"Juustot","slug":"juustot-0","__typename":"HierarchyPathItem"}],"isGlobalFallback":null,"countryName":{"fi":"Suomi","__typename":"CountryName"}},{"id":"6430032830285","ean":"6430032830285","name":"Herkkujuustola Heidi pehmeä, pinnalta kypsytetty valkohomejuusto pala 150g","price":4.35,"storeId":725782447,"__typename":"Product","approxPrice":false,"basicQuantityUnit":"KPL","comparisonPrice":29,"comparisonUnit":"KGM","consumerPackageSize":null,"consumerPackageUnit":null,"priceUnit":"KPL","quantityMultiplier":1,"brandName":"Herkkujuustola","slug":"herkkujuustola-heidi-pehmea-pinnalta-kypsytetty-valkohomejuusto-pala-150g","isAgeLimitedByAlcohol":false,"frozen":false,"packagingLabels":["Hyvää Suomesta (Sininen Joutsen)"],"packagingLabelCodes":["GOODS_FROM_FINLAND_BLUE_SWAN"],"hierarchyPath":[{"id":"1591691244827935","name":"Homejuustot","slug":"juustot-0/ruoka-ja-herkuttelujuustot/homejuustot","__typename":"HierarchyPathItem"},{"id":"1591691244827915","name":"Ruoka- ja herkuttelujuustot","slug":"juustot-0/ruoka-ja-herkuttelujuustot","__typename":"HierarchyPathItem"},{"id":"Herkku_00000003","name":"Juustot","slug":"juustot-0","__typename":"HierarchyPathItem"}],"isGlobalFallback":null,"countryName":{"fi":"Suomi","__typename":"CountryName"}},{"id":"6430033528839","ean":"6430033528839","name":"Deliciest Liha Pelmenit 400G","price":3.4,"storeId":725782447,"__typename":"Product","approxPrice":false,"basicQuantityUnit":"KPL","comparisonPrice":8.5,"comparisonUnit":"KGM","consumerPackageSize":null,"consumerPackageUnit":null,"priceUnit":"KPL","quantityMultiplier":1,"brandName":"Deliciest","slug":"deliciest-liha-pelmenit-400g","isAgeLimitedByAlcohol":false,"frozen":true,"packagingLabels":[],"packagingLabelCodes":[],"hierarchyPath":[{"id":"1591691225905845","name":"Valmiit pakasteateriat","slug":"pakasteet-1/pakasteateriat/valmiit-pakasteateriat","__typename":"HierarchyPathItem"},{"id":"Herkku_00000129","name":"Pakasteateriat","slug":"pakasteet-1/pakasteateriat","__typename":"HierarchyPathItem"},{"id":"Herkku_00000013","name":"Pakasteet","slug":"pakasteet-1","__typename":"HierarchyPathItem"}],"isGlobalFallback":null,"countryName":{"fi":"Viro","__typename":"CountryName"}},{"id":"6430034674252","ean":"6430034674252","name":"Mayeri 0,5l Cotton Flowers nestesaippua","price":1.69,"storeId":725782447,"__typename":"Product","approxPrice":false,"basicQuantityUnit":"KPL","comparisonPrice":3.38,"comparisonUnit":"LTR","consumerPackageSize":null,"consumerPackageUnit":null,"priceUnit":"KPL","quantityMultiplier":1,"brandName":"Mayeri","slug":"mayeri-0-5l-cotton-flowers-nestesaippua","isAgeLimitedByAlcohol":false,"frozen":false,"packagingLabels":[],"packagingLabelCodes":[],"hierarchyPath":[{"id":"1591691233415963","name":"Nestesaippuat","slug":"kosmetiikka-ja-hygienia/saippuat-ja-pesutarvikkeet/nestesaippuat","__typename":"HierarchyPathItem"},{"id":"1591691233415959","name":"Saippuat ja pesutarvikkeet","slug":"kosmetiikka-ja-hygienia/saippuat-ja-pesutarvikkeet","__typename":"HierarchyPathItem"},{"id":"1591691233334707","name":"Kosmetiikka ja hygienia","slug":"kosmetiikka-ja-hygienia","__typename":"HierarchyPathItem"}],"isGlobalFallback":null,"countryName":{"fi":"Viro","__typename":"CountryName"}},{"id":"6430037230714","ean":"6430037230714","name":"Lapin Maria Pohjantähti glögi 750 ml LUOMU","price":4.55,"storeId":725782447,"__typename":"Product","approxPrice":false,"basicQuantityUnit":"KPL","comparisonPrice":5.93,"comparisonUnit":"LTR","consumerPackageSize":null,"consumerPackageUnit":null,"priceUnit":"KPL","quantityMultiplier":1,"brandName":"Lapin Maria","slug":"lapin-maria-pohjantahti-glogi-750-ml-luomu","isAgeLimitedByAlcohol":false,"frozen":false,"packagingLabels":["EU:n luomutunnus (lehti)"],"packagingLabelCodes":["EU_ORGANIC_FARMING"],"hierarchyPath":[{"id":"1591691224561860","name":"Kausijuomat","slug":"juomat-1/kausijuomat","__typename":"HierarchyPathItem"},{"id":"Herkku_00000005","name":"Juomat","slug":"juomat-1","__typename":"HierarchyPathItem"}],"isGlobalFallback":null,"countryName":{"fi":"Suomi","__typename":"CountryName"}},{"id":"6430037238024","ean":"6430037238024","name":"Lapin Maria Villipesto nokkonen","price":3.35,"storeId":725782447,"__typename":"Product","approxPrice":false,"basicQuantityUnit":"KPL","comparisonPrice":23.93,"comparisonUnit":"KGM","consumerPackageSize":null,"consumerPackageUnit":null,"priceUnit":"KPL","quantityMultiplier":1,"brandName":"Lapin Maria","slug":"lapin-maria-villipesto-nokkonen","isAgeLimitedByAlcohol":false,"frozen":false,"packagingLabels":[],"packagingLabelCodes":[],"hierarchyPath":[{"id":"Herkku_00000427","name":"Pestokastikkeet","slug":"oljyt-mausteet-maustaminen-1/maustekastikkeet-ja-tahnat/pestokastikkeet","__typename":"HierarchyPathItem"},{"id":"Herkku_00000078","name":"Maustekastikkeet ja tahnat","slug":"oljyt-mausteet-maustaminen-1/maustekastikkeet-ja-tahnat","__typename":"HierarchyPathItem"},{"id":"Herkku_00000011","name":"Öljyt, mausteet, maustaminen","slug":"oljyt-mausteet-maustaminen-1","__typename":"HierarchyPathItem"}],"isGlobalFallback":null,"countryName":{"fi":"Suomi","__typename":"CountryName"}},{"id":"6430039220928","ean":"6430039220928","name":"Puhdistamo Puhdas Snack™ Luomu mantelinen kaakaovälipalapatukka 40 g","price":1.99,"storeId":725782447,"__typename":"Product","approxPrice":false,"basicQuantityUnit":"KPL","comparisonPrice":49.75,"comparisonUnit":"KGM","consumerPackageSize":null,"consumerPackageUnit":null,"priceUnit":"KPL","quantityMultiplier":1,"brandName":"Puhdistamo","slug":"puhdistamo-puhdas-snacktm-luomu-mantelinen-kaakaovalipalapatukka-40-g","isAgeLimitedByAlcohol":false,"frozen":false,"packagingLabels":["EU:n luomutunnus (lehti)"],"packagingLabelCodes":["EU_ORGANIC_FARMING"],"hierarchyPath":[{"id":"Herkku_00000978","name":"Energiapatukat","slug":"luontaistuotteet-ja-lisaravinteet-1/urheiluravinnepatukat/energiapatukat","__typename":"HierarchyPathItem"},{"id":"Herkku_00000159","name":"Urheiluravinnepatukat","slug":"luontaistuotteet-ja-lisaravinteet-1/urheiluravinnepatukat","__typename":"HierarchyPathItem"},{"id":"Herkku_00000016","name":"Luontaistuotteet ja lisäravinteet","slug":"luontaistuotteet-ja-lisaravinteet-1","__typename":"HierarchyPathItem"}],"isGlobalFallback":null,"countryName":{"fi":"Alankomaat","__typename":"CountryName"}},{"id":"6430039221802","ean":"6430039221802","name":"Puhdistamo Tripla Magnesium 120 kapselia","price":19.95,"storeId":725782447,"__typename":"Product","approxPrice":false,"basicQuantityUnit":"KPL","comparisonPrice":0.17,"comparisonUnit":"PCE","consumerPackageSize":null,"consumerPackageUnit":null,"priceUnit":"KPL","quantityMultiplier":1,"brandName":"Puhdistamo","slug":"puhdistamo-tripla-magnesium-120-kapselia","isAgeLimitedByAlcohol":false,"frozen":false,"packagingLabels":["Kierrätysmerkki"],"packagingLabelCodes":["RECYCLABLE_GENERAL_CLAIM"],"hierarchyPath":[{"id":"Herkku_00001053","name":"Magnesiumvalmisteet","slug":"luontaistuotteet-ja-lisaravinteet-1/mineraalivalmisteet/magnesiumvalmisteet","__typename":"HierarchyPathItem"},{"id":"Herkku_00000178","name":"Mineraalivalmisteet","slug":"luontaistuotteet-ja-lisaravinteet-1/mineraalivalmisteet","__typename":"HierarchyPathItem"},{"id":"Herkku_00000016","name":"Luontaistuotteet ja lisäravinteet","slug":"luontaistuotteet-ja-lisaravinteet-1","__typename":"HierarchyPathItem"}],"isGlobalFallback":null,"countryName":{"fi":"Suomi","__typename":"CountryName"}},{"id":"6430039222250","ean":"6430039222250","name":"Puhdistamo Super D-vitamiini 100 µq 60 kaps","price":11.95,"storeId":725782447,"__typename":"Product","approxPrice":false,"basicQuantityUnit":"KPL","comparisonPrice":0.2,"comparisonUnit":"PCE","consumerPackageSize":null,"consumerPackageUnit":null,"priceUnit":"KPL","quantityMultiplier":1,"brandName":"Puhdistamo","slug":"puhdistamo-super-d-vitamiini-100-q-60-kaps","isAgeLimitedByAlcohol":false,"frozen":false,"packagingLabels":["Kierrätysmerkki"],"packagingLabelCodes":["RECYCLABLE_GENERAL_CLAIM"],"hierarchyPath":[{"id":"Herkku_00001046","name":"D-vitamiinit","slug":"luontaistuotteet-ja-lisaravinteet-1/vitamiinit/d-vitamiinit","__typename":"HierarchyPathItem"},{"id":"Herkku_00000177","name":"Vitamiinit","slug":"luontaistuotteet-ja-lisaravinteet-1/vitamiinit","__typename":"HierarchyPathItem"},{"id":"Herkku_00000016","name":"Luontaistuotteet ja lisäravinteet","slug":"luontaistuotteet-ja-lisaravinteet-1","__typename":"HierarchyPathItem"}],"isGlobalFallback":null,"countryName":{"fi":"Ranska","__typename":"CountryName"}},{"id":"6430039222359","ean":"6430039222359","name":"Puhdistamo Kookosvesi Mango 310 ml","price":2.44,"storeId":725782447,"__typename":"Product","approxPrice":false,"basicQuantityUnit":"KPL","comparisonPrice":7.39,"comparisonUnit":"LTR","consumerPackageSize":null,"consumerPackageUnit":null,"priceUnit":"KPL","quantityMultiplier":1,"brandName":"Puhdistamo","slug":"puhdistamo-kookosvesi-mango-310-ml","isAgeLimitedByAlcohol":false,"frozen":false,"packagingLabels":["Kierrätysmerkki"],"packagingLabelCodes":["RECYCLABLE_GENERAL_CLAIM"],"hierarchyPath":[{"id":"Herkku_00000977","name":"Ready to drink -juomat","slug":"luontaistuotteet-ja-lisaravinteet-1/urheiluravinnejuomat/ready-to-drink-juomat","__typename":"HierarchyPathItem"},{"id":"Herkku_00000158","name":"Urheiluravinnejuomat","slug":"luontaistuotteet-ja-lisaravinteet-1/urheiluravinnejuomat","__typename":"HierarchyPathItem"},{"id":"Herkku_00000016","name":"Luontaistuotteet ja lisäravinteet","slug":"luontaistuotteet-ja-lisaravinteet-1","__typename":"HierarchyPathItem"}],"isGlobalFallback":null,"countryName":{"fi":"Thaimaa","__typename":"CountryName"}},{"id":"6430039223011","ean":"6430039223011","name":"Puhdistamo Athletics Heraproteiini Suklaa 500 g","price":22.45,"storeId":725782447,"__typename":"Product","approxPrice":false,"basicQuantityUnit":"KPL","comparisonPrice":44.9,"comparisonUnit":"KGM","consumerPackageSize":null,"consumerPackageUnit":null,"priceUnit":"KPL","quantityMultiplier":1,"brandName":"Puhdistamo","slug":"puhdistamo-athletics-heraproteiini-suklaa-500-g","isAgeLimitedByAlcohol":false,"frozen":false,"packagingLabels":["Kierrätysmerkki"],"packagingLabelCodes":["RECYCLABLE_GENERAL_CLAIM"],"hierarchyPath":[{"id":"Herkku_00000986","name":"Heraproteiinit","slug":"luontaistuotteet-ja-lisaravinteet-1/proteiinijauheet/heraproteiinit","__typename":"HierarchyPathItem"},{"id":"Herkku_00000162","name":"Proteiinijauheet","slug":"luontaistuotteet-ja-lisaravinteet-1/proteiinijauheet","__typename":"HierarchyPathItem"},{"id":"Herkku_00000016","name":"Luontaistuotteet ja lisäravinteet","slug":"luontaistuotteet-ja-lisaravinteet-1","__typename":"HierarchyPathItem"}],"isGlobalFallback":null,"countryName":{"fi":"Suomi","__typename":"CountryName"}},{"id":"6430039223714","ean":"6430039223714","name":"Puhdistamo Ilta Magnesium 120 kapselia","price":19.95,"storeId":725782447,"__typename":"Product","approxPrice":false,"basicQuantityUnit":"KPL","comparisonPrice":0.17,"comparisonUnit":"PCE","consumerPackageSize":null,"consumerPackageUnit":null,"priceUnit":"KPL","quantityMultiplier":1,"brandName":"Puhdistamo","slug":"puhdistamo-ilta-magnesium-120-kapselia","isAgeLimitedByAlcohol":false,"frozen":false,"packagingLabels":[],"packagingLabelCodes":[],"hierarchyPath":[{"id":"Herkku_00001053","name":"Magnesiumvalmisteet","slug":"luontaistuotteet-ja-lisaravinteet-1/mineraalivalmisteet/magnesiumvalmisteet","__typename":"HierarchyPathItem"},{"id":"Herkku_00000178","name":"Mineraalivalmisteet","slug":"luontaistuotteet-ja-lisaravinteet-1/mineraalivalmisteet","__typename":"HierarchyPathItem"},{"id":"Herkku_00000016","name":"Luontaistuotteet ja lisäravinteet","slug":"luontaistuotteet-ja-lisaravinteet-1","__typename":"HierarchyPathItem"}],"isGlobalFallback":null,"countryName":{"fi":"Suomi","__typename":"CountryName"}},{"id":"6430039460638","ean":"6430039460638","name":"Joulusuklaa 160g","price":3.9,"storeId":725782447,"__typename":"Product","approxPrice":false,"basicQuantityUnit":"KPL","comparisonPrice":48.75,"comparisonUnit":"KGM","consumerPackageSize":null,"consumerPackageUnit":null,"priceUnit":"KPL","quantityMultiplier":1,"brandName":null,"slug":"joulusuklaa-160g","isAgeLimitedByAlcohol":false,"frozen":false,"packagingLabels":[],"packagingLabelCodes":[],"hierarchyPath":[{"id":"Herkku_00000334","name":"Suklaalevyt","slug":"makeiset-ja-naposteltavat-1/suklaat/suklaalevyt","__typename":"HierarchyPathItem"},{"id":"Herkku_00000060","name":"Suklaat","slug":"makeiset-ja-naposteltavat-1/suklaat","__typename":"HierarchyPathItem"},{"id":"Herkku_00000009","name":"Makeiset ja naposteltavat","slug":"makeiset-ja-naposteltavat-1","__typename":"HierarchyPathItem"}],"isGlobalFallback":null,"countryName":{"fi":"Suomi","__typename":"CountryName"}},{"id":"6430039460645","ean":"6430039460645","name":"Joulusuklaa Tuomiokirkko","price":4.65,"storeId":725782447,"__typename":"Product","approxPrice":false,"basicQuantityUnit":"KPL","comparisonPrice":4.65,"comparisonUnit":"PCE","consumerPackageSize":null,"consumerPackageUnit":null,"priceUnit":"KPL","quantityMultiplier":1,"brandName":null,"slug":"joulusuklaa-tuomiokirkko","isAgeLimitedByAlcohol":false,"frozen":false,"packagingLabels":[],"packagingLabelCodes":[],"hierarchyPath":[{"id":"Herkku_00000341","name":"Suklaamakeiset","slug":"makeiset-ja-naposteltavat-1/sesonki-ja-lahjamakeiset/suklaamakeiset","__typename":"HierarchyPathItem"},{"id":"Herkku_00000061","name":"Sesonki- ja lahjamakeiset","slug":"makeiset-ja-naposteltavat-1/sesonki-ja-lahjamakeiset","__typename":"HierarchyPathItem"},{"id":"Herkku_00000009","name":"Makeiset ja naposteltavat","slug":"makeiset-ja-naposteltavat-1","__typename":"HierarchyPathItem"}],"isGlobalFallback":null,"countryName":{"fi":"Suomi","__typename":"CountryName"}},{"id":"6430039460652","ean":"6430039460652","name":"Joulusuklaa Satakunnan silta","price":4.97,"storeId":725782447,"__typename":"Product","approxPrice":false,"basicQuantityUnit":"KPL","comparisonPrice":4.97,"comparisonUnit":"PCE","consumerPackageSize":null,"consumerPackageUnit":null,"priceUnit":"KPL","quantityMultiplier":1,"brandName":null,"slug":"joulusuklaa-satakunnan-silta","isAgeLimitedByAlcohol":false,"frozen":false,"packagingLabels":[],"packagingLabelCodes":[],"hierarchyPath":[{"id":"Herkku_00000341","name":"Suklaamakeiset","slug":"makeiset-ja-naposteltavat-1/sesonki-ja-lahjamakeiset/suklaamakeiset","__typename":"HierarchyPathItem"},{"id":"Herkku_00000061","name":"Sesonki- ja lahjamakeiset","slug":"makeiset-ja-naposteltavat-1/sesonki-ja-lahjamakeiset","__typename":"HierarchyPathItem"},{"id":"Herkku_00000009","name":"Makeiset ja naposteltavat","slug":"makeiset-ja-naposteltavat-1","__typename":"HierarchyPathItem"}],"isGlobalFallback":null,"countryName":{"fi":"Suomi","__typename":"CountryName"}},{"id":"6430039460805","ean":"6430039460805","name":"Joulusuklaa Verkaranta","price":4.65,"storeId":725782447,"__typename":"Product","approxPrice":false,"basicQuantityUnit":"KPL","comparisonPrice":4.65,"comparisonUnit":"PCE","consumerPackageSize":null,"consumerPackageUnit":null,"priceUnit":"KPL","quantityMultiplier":1,"brandName":null,"slug":"joulusuklaa-verkaranta","isAgeLimitedByAlcohol":false,"frozen":false,"packagingLabels":[],"packagingLabelCodes":[],"hierarchyPath":[{"id":"Herkku_00000341","name":"Suklaamakeiset","slug":"makeiset-ja-naposteltavat-1/sesonki-ja-lahjamakeiset/suklaamakeiset","__typename":"HierarchyPathItem"},{"id":"Herkku_00000061","name":"Sesonki- ja lahjamakeiset","slug":"makeiset-ja-naposteltavat-1/sesonki-ja-lahjamakeiset","__typename":"HierarchyPathItem"},{"id":"Herkku_00000009","name":"Makeiset ja naposteltavat","slug":"makeiset-ja-naposteltavat-1","__typename":"HierarchyPathItem"}],"isGlobalFallback":null,"countryName":{"fi":"Suomi","__typename":"CountryName"}},{"id":"6430039461154","ean":"6430039461154","name":"Joulusuklaa Finlayson","price":4.65,"storeId":725782447,"__typename":"Product","approxPrice":false,"basicQuantityUnit":"KPL","comparisonPrice":4.65,"comparisonUnit":"PCE","consumerPackageSize":null,"consumerPackageUnit":null,"priceUnit":"KPL","quantityMultiplier":1,"brandName":null,"slug":"joulusuklaa-finlayson","isAgeLimitedByAlcohol":false,"frozen":false,"packagingLabels":[],"packagingLabelCodes":[],"hierarchyPath":[{"id":"Herkku_00000341","name":"Suklaamakeiset","slug":"makeiset-ja-naposteltavat-1/sesonki-ja-lahjamakeiset/suklaamakeiset","__typename":"HierarchyPathItem"},{"id":"Herkku_00000061","name":"Sesonki- ja lahjamakeiset","slug":"makeiset-ja-naposteltavat-1/sesonki-ja-lahjamakeiset","__typename":"HierarchyPathItem"},{"id":"Herkku_00000009","name":"Makeiset ja naposteltavat","slug":"makeiset-ja-naposteltavat-1","__typename":"HierarchyPathItem"}],"isGlobalFallback":null,"countryName":{"fi":"Suomi","__typename":"CountryName"}},{"id":"6430039461161","ean":"6430039461161","name":"Joulusuklaa Pispala","price":4.65,"storeId":725782447,"__typename":"Product","approxPrice":false,"basicQuantityUnit":"KPL","comparisonPrice":4.65,"comparisonUnit":"PCE","consumerPackageSize":null,"consumerPackageUnit":null,"priceUnit":"KPL","quantityMultiplier":1,"brandName":null,"slug":"joulusuklaa-pispala","isAgeLimitedByAlcohol":false,"frozen":false,"packagingLabels":[],"packagingLabelCodes":[],"hierarchyPath":[{"id":"Herkku_00000341","name":"Suklaamakeiset","slug":"makeiset-ja-naposteltavat-1/sesonki-ja-lahjamakeiset/suklaamakeiset","__typename":"HierarchyPathItem"},{"id":"Herkku_00000061","name":"Sesonki- ja lahjamakeiset","slug":"makeiset-ja-naposteltavat-1/sesonki-ja-lahjamakeiset","__typename":"HierarchyPathItem"},{"id":"Herkku_00000009","name":"Makeiset ja naposteltavat","slug":"makeiset-ja-naposteltavat-1","__typename":"HierarchyPathItem"}],"isGlobalFallback":null,"countryName":{"fi":"Suomi","__typename":"CountryName"}},{"id":"6430039461178","ean":"6430039461178","name":"Joulusuklaa Tallipiha","price":4.65,"storeId":725782447,"__typename":"Product","approxPrice":false,"basicQuantityUnit":"KPL","comparisonPrice":4.65,"comparisonUnit":"PCE","consumerPackageSize":null,"consumerPackageUnit":null,"priceUnit":"KPL","quantityMultiplier":1,"brandName":null,"slug":"joulusuklaa-tallipiha","isAgeLimitedByAlcohol":false,"frozen":false,"packagingLabels":[],"packagingLabelCodes":[],"hierarchyPath":[{"id":"Herkku_00000341","name":"Suklaamakeiset","slug":"makeiset-ja-naposteltavat-1/sesonki-ja-lahjamakeiset/suklaamakeiset","__typename":"HierarchyPathItem"},{"id":"Herkku_00000061","name":"Sesonki- ja lahjamakeiset","slug":"makeiset-ja-naposteltavat-1/sesonki-ja-lahjamakeiset","__typename":"HierarchyPathItem"},{"id":"Herkku_00000009","name":"Makeiset ja naposteltavat","slug":"makeiset-ja-naposteltavat-1","__typename":"HierarchyPathItem"}],"isGlobalFallback":null,"countryName":{"fi":"Suomi","__typename":"CountryName"}},{"id":"6430039461185","ean":"6430039461185","name":"Joulusuklaa Amuri","price":4.65,"storeId":725782447,"__typename":"Product","approxPrice":false,"basicQuantityUnit":"KPL","comparisonPrice":4.65,"comparisonUnit":"PCE","consumerPackageSize":null,"consumerPackageUnit":null,"priceUnit":"KPL","quantityMultiplier":1,"brandName":null,"slug":"joulusuklaa-amuri","isAgeLimitedByAlcohol":false,"frozen":false,"packagingLabels":[],"packagingLabelCodes":[],"hierarchyPath":[{"id":"Herkku_00000341","name":"Suklaamakeiset","slug":"makeiset-ja-naposteltavat-1/sesonki-ja-lahjamakeiset/suklaamakeiset","__typename":"HierarchyPathItem"},{"id":"Herkku_00000061","name":"Sesonki- ja lahjamakeiset","slug":"makeiset-ja-naposteltavat-1/sesonki-ja-lahjamakeiset","__typename":"HierarchyPathItem"},{"id":"Herkku_00000009","name":"Makeiset ja naposteltavat","slug":"makeiset-ja-naposteltavat-1","__typename":"HierarchyPathItem"}],"isGlobalFallback":null,"countryName":{"fi":"Suomi","__typename":"CountryName"}},{"id":"6430039461840","ean":"6430039461840","name":"Maitosuklaa 80g","price":3.85,"storeId":725782447,"__typename":"Product","approxPrice":false,"basicQuantityUnit":"KPL","comparisonPrice":48.13,"comparisonUnit":"KGM","consumerPackageSize":null,"consumerPackageUnit":null,"priceUnit":"KPL","quantityMultiplier":1,"brandName":null,"slug":"maitosuklaa-80g","isAgeLimitedByAlcohol":false,"frozen":false,"packagingLabels":[],"packagingLabelCodes":[],"hierarchyPath":[{"id":"Herkku_00000334","name":"Suklaalevyt","slug":"makeiset-ja-naposteltavat-1/suklaat/suklaalevyt","__typename":"HierarchyPathItem"},{"id":"Herkku_00000060","name":"Suklaat","slug":"makeiset-ja-naposteltavat-1/suklaat","__typename":"HierarchyPathItem"},{"id":"Herkku_00000009","name":"Makeiset ja naposteltavat","slug":"makeiset-ja-naposteltavat-1","__typename":"HierarchyPathItem"}],"isGlobalFallback":null,"countryName":{"fi":"Suomi","__typename":"CountryName"}},{"id":"6430039461871","ean":"6430039461871","name":"Paahdettu valkosuklaa 80g","price":4.45,"storeId":725782447,"__typename":"Product","approxPrice":false,"basicQuantityUnit":"KPL","comparisonPrice":55.63,"comparisonUnit":"KGM","consumerPackageSize":null,"consumerPackageUnit":null,"priceUnit":"KPL","quantityMultiplier":1,"brandName":null,"slug":"paahdettu-valkosuklaa-80g","isAgeLimitedByAlcohol":false,"frozen":false,"packagingLabels":[],"packagingLabelCodes":[],"hierarchyPath":[{"id":"Herkku_00000334","name":"Suklaalevyt","slug":"makeiset-ja-naposteltavat-1/suklaat/suklaalevyt","__typename":"HierarchyPathItem"},{"id":"Herkku_00000060","name":"Suklaat","slug":"makeiset-ja-naposteltavat-1/suklaat","__typename":"HierarchyPathItem"},{"id":"Herkku_00000009","name":"Makeiset ja naposteltavat","slug":"makeiset-ja-naposteltavat-1","__typename":"HierarchyPathItem"}],"isGlobalFallback":null,"countryName":{"fi":"Suomi","__typename":"CountryName"}},{"id":"6430039461918","ean":"6430039461918","name":"Tumma suklaa merisuola 80g","price":3.85,"storeId":725782447,"__typename":"Product","approxPrice":false,"basicQuantityUnit":"KPL","comparisonPrice":48.13,"comparisonUnit":"KGM","consumerPackageSize":null,"consumerPackageUnit":null,"priceUnit":"KPL","quantityMultiplier":1,"brandName":null,"slug":"tumma-suklaa-merisuola-80g","isAgeLimitedByAlcohol":false,"frozen":false,"packagingLabels":[],"packagingLabelCodes":[],"hierarchyPath":[{"id":"Herkku_00000334","name":"Suklaalevyt","slug":"makeiset-ja-naposteltavat-1/suklaat/suklaalevyt","__typename":"HierarchyPathItem"},{"id":"Herkku_00000060","name":"Suklaat","slug":"makeiset-ja-naposteltavat-1/suklaat","__typename":"HierarchyPathItem"},{"id":"Herkku_00000009","name":"Makeiset ja naposteltavat","slug":"makeiset-ja-naposteltavat-1","__typename":"HierarchyPathItem"}],"isGlobalFallback":null,"countryName":{"fi":"Suomi","__typename":"CountryName"}},{"id":"6430039462045","ean":"6430039462045","name":"Mansikkasuklaa 160g","price":7.65,"storeId":725782447,"__typename":"Product","approxPrice":false,"basicQuantityUnit":"KPL","comparisonPrice":47.81,"comparisonUnit":"KGM","consumerPackageSize":null,"consumerPackageUnit":null,"priceUnit":"KPL","quantityMultiplier":1,"brandName":null,"slug":"mansikkasuklaa-160g","isAgeLimitedByAlcohol":false,"frozen":false,"packagingLabels":[],"packagingLabelCodes":[],"hierarchyPath":[{"id":"Herkku_00000334","name":"Suklaalevyt","slug":"makeiset-ja-naposteltavat-1/suklaat/suklaalevyt","__typename":"HierarchyPathItem"},{"id":"Herkku_00000060","name":"Suklaat","slug":"makeiset-ja-naposteltavat-1/suklaat","__typename":"HierarchyPathItem"},{"id":"Herkku_00000009","name":"Makeiset ja naposteltavat","slug":"makeiset-ja-naposteltavat-1","__typename":"HierarchyPathItem"}],"isGlobalFallback":null,"countryName":{"fi":"Suomi","__typename":"CountryName"}},{"id":"6430039462069","ean":"6430039462069","name":"Mustaherukkasuklaa 160g","price":7.65,"storeId":725782447,"__typename":"Product","approxPrice":false,"basicQuantityUnit":"KPL","comparisonPrice":47.81,"comparisonUnit":"KGM","consumerPackageSize":null,"consumerPackageUnit":null,"priceUnit":"KPL","quantityMultiplier":1,"brandName":null,"slug":"mustaherukkasuklaa-160g","isAgeLimitedByAlcohol":false,"frozen":false,"packagingLabels":[],"packagingLabelCodes":[],"hierarchyPath":[{"id":"Herkku_00000334","name":"Suklaalevyt","slug":"makeiset-ja-naposteltavat-1/suklaat/suklaalevyt","__typename":"HierarchyPathItem"},{"id":"Herkku_00000060","name":"Suklaat","slug":"makeiset-ja-naposteltavat-1/suklaat","__typename":"HierarchyPathItem"},{"id":"Herkku_00000009","name":"Makeiset ja naposteltavat","slug":"makeiset-ja-naposteltavat-1","__typename":"HierarchyPathItem"}],"isGlobalFallback":null,"countryName":{"fi":"Suomi","__typename":"CountryName"}},{"id":"6430039462083","ean":"6430039462083","name":"Makeaa Joulua - suklaa 160 g","price":7.65,"storeId":725782447,"__typename":"Product","approxPrice":false,"basicQuantityUnit":"KPL","comparisonPrice":47.81,"comparisonUnit":"KGM","consumerPackageSize":null,"consumerPackageUnit":null,"priceUnit":"KPL","quantityMultiplier":1,"brandName":null,"slug":"makeaa-joulua-suklaa-160-g","isAgeLimitedByAlcohol":false,"frozen":false,"packagingLabels":[],"packagingLabelCodes":[],"hierarchyPath":[{"id":"Herkku_00000333","name":"Suklaapatukat","slug":"makeiset-ja-naposteltavat-1/suklaat/suklaapatukat","__typename":"HierarchyPathItem"},{"id":"Herkku_00000060","name":"Suklaat","slug":"makeiset-ja-naposteltavat-1/suklaat","__typename":"HierarchyPathItem"},{"id":"Herkku_00000009","name":"Makeiset ja naposteltavat","slug":"makeiset-ja-naposteltavat-1","__typename":"HierarchyPathItem"}],"isGlobalFallback":null,"countryName":{"fi":"Suomi","__typename":"CountryName"}},{"id":"6430039462090","ean":"6430039462090","name":"Talvihetken taika -suklaa 80g","price":3.9,"storeId":725782447,"__typename":"Product","approxPrice":false,"basicQuantityUnit":"KPL","comparisonPrice":48.75,"comparisonUnit":"KGM","consumerPackageSize":null,"consumerPackageUnit":null,"priceUnit":"KPL","quantityMultiplier":1,"brandName":null,"slug":"talvihetken-taika-suklaa-80g","isAgeLimitedByAlcohol":false,"frozen":false,"packagingLabels":[],"packagingLabelCodes":[],"hierarchyPath":[{"id":"Herkku_00000334","name":"Suklaalevyt","slug":"makeiset-ja-naposteltavat-1/suklaat/suklaalevyt","__typename":"HierarchyPathItem"},{"id":"Herkku_00000060","name":"Suklaat","slug":"makeiset-ja-naposteltavat-1/suklaat","__typename":"HierarchyPathItem"},{"id":"Herkku_00000009","name":"Makeiset ja naposteltavat","slug":"makeiset-ja-naposteltavat-1","__typename":"HierarchyPathItem"}],"isGlobalFallback":null,"countryName":{"fi":"Suomi","__typename":"CountryName"}},{"id":"6430039462243","ean":"6430039462243","name":"Hämeenkatu Joulusuklaa 80g","price":4.65,"storeId":725782447,"__typename":"Product","approxPrice":false,"basicQuantityUnit":"KPL","comparisonPrice":58.13,"comparisonUnit":"KGM","consumerPackageSize":null,"consumerPackageUnit":null,"priceUnit":"KPL","quantityMultiplier":1,"brandName":"Suklaatila","slug":"hameenkatu-joulusuklaa-80g","isAgeLimitedByAlcohol":false,"frozen":false,"packagingLabels":[],"packagingLabelCodes":[],"hierarchyPath":[{"id":"Herkku_00000334","name":"Suklaalevyt","slug":"makeiset-ja-naposteltavat-1/suklaat/suklaalevyt","__typename":"HierarchyPathItem"},{"id":"Herkku_00000060","name":"Suklaat","slug":"makeiset-ja-naposteltavat-1/suklaat","__typename":"HierarchyPathItem"},{"id":"Herkku_00000009","name":"Makeiset ja naposteltavat","slug":"makeiset-ja-naposteltavat-1","__typename":"HierarchyPathItem"}],"isGlobalFallback":null,"countryName":{"fi":"Suomi","__typename":"CountryName"}},{"id":"6430041080060","ean":"6430041080060","name":"Virtasalmen Viljatuote Vaalea gluteeniton jauhoseos 500g","price":3.65,"storeId":725782447,"__typename":"Product","approxPrice":false,"basicQuantityUnit":"KPL","comparisonPrice":7.3,"comparisonUnit":"KGM","consumerPackageSize":null,"consumerPackageUnit":null,"priceUnit":"KPL","quantityMultiplier":1,"brandName":"Virtasalmen Viljatuote","slug":"virtasalmen-viljatuote-vaalea-gluteeniton-jauhoseos-500g","isAgeLimitedByAlcohol":false,"frozen":false,"packagingLabels":["Gluteeniton elintarvike (yliviivattu tähkä)"],"packagingLabelCodes":["CROSSED_GRAIN_SYMBOL"],"hierarchyPath":[{"id":"Herkku_00000372","name":"Jauhoseokset","slug":"kuivatuotteet-ja-leivonta-1/jauhot-ja-leivontaseokset/jauhoseokset","__typename":"HierarchyPathItem"},{"id":"Herkku_00000066","name":"Jauhot ja leivontaseokset","slug":"kuivatuotteet-ja-leivonta-1/jauhot-ja-leivontaseokset","__typename":"HierarchyPathItem"},{"id":"Herkku_00000007","name":"Kuivatuotteet ja leivonta","slug":"kuivatuotteet-ja-leivonta-1","__typename":"HierarchyPathItem"}],"isGlobalFallback":null,"countryName":{"fi":"Suomi","__typename":"CountryName"}},{"id":"6430041690603","ean":"6430041690603","name":"AMERGRIP 20KPL/1L GREEN PE PUSSI","price":1.95,"storeId":725782447,"__typename":"Product","approxPrice":false,"basicQuantityUnit":"KPL","comparisonPrice":0.1,"comparisonUnit":"PCE","consumerPackageSize":null,"consumerPackageUnit":null,"priceUnit":"KPL","quantityMultiplier":1,"brandName":"Amergrip","slug":"amergrip-20kpl1l-green-pe-pussi","isAgeLimitedByAlcohol":false,"frozen":false,"packagingLabels":["Avainlippu"],"packagingLabelCodes":["MADE_IN_FINLAND_FLAG_WITH_KEY"],"hierarchyPath":[{"id":"1591691234089652","name":"Pakastepussit","slug":"keittio-ja-kattaus/ruoan-sailytysastiat-ja-valineet/pakastepussit","__typename":"HierarchyPathItem"},{"id":"1591691234089647","name":"Ruoan säilytysastiat ja -välineet","slug":"keittio-ja-kattaus/ruoan-sailytysastiat-ja-valineet","__typename":"HierarchyPathItem"},{"id":"1591691234054950","name":"Keittiö ja kattaus","slug":"keittio-ja-kattaus","__typename":"HierarchyPathItem"}],"isGlobalFallback":null,"countryName":{"fi":"Suomi","__typename":"CountryName"}},{"id":"6430042651023","ean":"6430042651023","name":"Punasipulipussi luomu 350 g II Suomi","price":1.99,"storeId":725782447,"__typename":"Product","approxPrice":false,"basicQuantityUnit":"KPL","comparisonPrice":5.69,"comparisonUnit":"KGM","consumerPackageSize":null,"consumerPackageUnit":null,"priceUnit":"KPL","quantityMultiplier":1,"brandName":null,"slug":"punasipulipussi-luomu-350-g-ii-suomi","isAgeLimitedByAlcohol":false,"frozen":false,"packagingLabels":[],"packagingLabelCodes":[],"hierarchyPath":[{"id":"StructureGroup_507756644246826","name":"Sipulit","slug":"hedelmat-ja-vihannekset-1/vihannekset/sipulit","__typename":"HierarchyPathItem"},{"id":"Herkku_00000023","name":"Vihannekset","slug":"hedelmat-ja-vihannekset-1/vihannekset","__typename":"HierarchyPathItem"},{"id":"Herkku_00000001","name":"Hedelmät ja vihannekset","slug":"hedelmat-ja-vihannekset-1","__typename":"HierarchyPathItem"}],"isGlobalFallback":null,"countryName":{"fi":"Suomi","__typename":"CountryName"}},{"id":"6430043241049","ean":"6430043241049","name":"HoviRuoka 495g/9kpl Riisipiirakka","price":1.79,"storeId":725782447,"__typename":"Product","approxPrice":false,"basicQuantityUnit":"KPL","comparisonPrice":3.62,"comparisonUnit":"KGM","consumerPackageSize":null,"consumerPackageUnit":null,"priceUnit":"KPL","quantityMultiplier":1,"brandName":"Hoviruoka","slug":"hoviruoka-495g9kpl-riisipiirakka","isAgeLimitedByAlcohol":false,"frozen":false,"packagingLabels":[],"packagingLabelCodes":[],"hierarchyPath":[{"id":"1591691237074427","name":"Piirakat ja pasteijat","slug":"valmisruoka-1/valmisateriat-ja-keitot/piirakat-ja-pasteijat","__typename":"HierarchyPathItem"},{"id":"1591691237074396","name":"Valmisateriat ja -keitot","slug":"valmisruoka-1/valmisateriat-ja-keitot","__typename":"HierarchyPathItem"},{"id":"StructureGroup_1356670909914497","name":"Valmisruoka","slug":"valmisruoka-1","__typename":"HierarchyPathItem"}],"isGlobalFallback":null,"countryName":{"fi":"Suomi","__typename":"CountryName"}},{"id":"6430043242015","ean":"6430043242015","name":"HoviRuoka 400g/4kpl Lihapiirakka","price":1.89,"storeId":725782447,"__typename":"Product","approxPrice":false,"basicQuantityUnit":"KPL","comparisonPrice":4.72,"comparisonUnit":"KGM","consumerPackageSize":null,"consumerPackageUnit":null,"priceUnit":"KPL","quantityMultiplier":1,"brandName":"Hoviruoka","slug":"hoviruoka-400g4kpl-lihapiirakka","isAgeLimitedByAlcohol":false,"frozen":false,"packagingLabels":[],"packagingLabelCodes":[],"hierarchyPath":[{"id":"1591691237074427","name":"Piirakat ja pasteijat","slug":"valmisruoka-1/valmisateriat-ja-keitot/piirakat-ja-pasteijat","__typename":"HierarchyPathItem"},{"id":"1591691237074396","name":"Valmisateriat ja -keitot","slug":"valmisruoka-1/valmisateriat-ja-keitot","__typename":"HierarchyPathItem"},{"id":"StructureGroup_1356670909914497","name":"Valmisruoka","slug":"valmisruoka-1","__typename":"HierarchyPathItem"}],"isGlobalFallback":null,"countryName":{"fi":"Suomi","__typename":"CountryName"}},{"id":"6430043242138","ean":"6430043242138","name":"Hoviruoka 115g Kasvispiirakka","price":1.09,"storeId":725782447,"__typename":"Product","approxPrice":false,"basicQuantityUnit":"KPL","comparisonPrice":9.48,"comparisonUnit":"KGM","consumerPackageSize":null,"consumerPackageUnit":null,"priceUnit":"KPL","quantityMultiplier":1,"brandName":"Hoviruoka","slug":"hoviruoka-115g-kasvispiirakka","isAgeLimitedByAlcohol":false,"frozen":false,"packagingLabels":[],"packagingLabelCodes":[],"hierarchyPath":[{"id":"1591691237074427","name":"Piirakat ja pasteijat","slug":"valmisruoka-1/valmisateriat-ja-keitot/piirakat-ja-pasteijat","__typename":"HierarchyPathItem"},{"id":"1591691237074396","name":"Valmisateriat ja -keitot","slug":"valmisruoka-1/valmisateriat-ja-keitot","__typename":"HierarchyPathItem"},{"id":"StructureGroup_1356670909914497","name":"Valmisruoka","slug":"valmisruoka-1","__typename":"HierarchyPathItem"}],"isGlobalFallback":null,"countryName":{"fi":"Suomi","__typename":"CountryName"}},{"id":"6430043243319","ean":"6430043243319","name":"HoviRuoka 110g Vege Burger","price":1.19,"storeId":725782447,"__typename":"Product","approxPrice":false,"basicQuantityUnit":"KPL","comparisonPrice":10.82,"comparisonUnit":"KGM","consumerPackageSize":null,"consumerPackageUnit":null,"priceUnit":"KPL","quantityMultiplier":1,"brandName":"Hoviruoka","slug":"hoviruoka-110g-vege-burger","isAgeLimitedByAlcohol":false,"frozen":false,"packagingLabels":[],"packagingLabelCodes":[],"hierarchyPath":[{"id":"1591691237074421","name":"Hampurilaiset ja hotdogit","slug":"valmisruoka-1/valmisateriat-ja-keitot/hampurilaiset-ja-hotdogit","__typename":"HierarchyPathItem"},{"id":"1591691237074396","name":"Valmisateriat ja -keitot","slug":"valmisruoka-1/valmisateriat-ja-keitot","__typename":"HierarchyPathItem"},{"id":"StructureGroup_1356670909914497","name":"Valmisruoka","slug":"valmisruoka-1","__typename":"HierarchyPathItem"}],"isGlobalFallback":null,"countryName":{"fi":"Suomi","__typename":"CountryName"}},{"id":"6430044204166","ean":"6430044204166","name":"YesDeli Special Karppisokeri kaloriton rypälesokerista valmistettu makeutusaine 430g","price":7.29,"storeId":725782447,"__typename":"Product","approxPrice":false,"basicQuantityUnit":"KPL","comparisonPrice":16.95,"comparisonUnit":"KGM","consumerPackageSize":null,"consumerPackageUnit":null,"priceUnit":"KPL","quantityMultiplier":1,"brandName":"YesDeli","slug":"yesdeli-special-karppisokeri-kaloriton-rypalesokerista-valmistettu-makeutusaine-430g","isAgeLimitedByAlcohol":false,"frozen":false,"packagingLabels":[],"packagingLabelCodes":[],"hierarchyPath":[{"id":"Herkku_00000449","name":"Sokerit","slug":"kuivatuotteet-ja-leivonta-1/sokerit-makeutusaineet-ja-hunaja/sokerit","__typename":"HierarchyPathItem"},{"id":"Herkku_00000084","name":"Sokerit, makeutusaineet ja hunaja","slug":"kuivatuotteet-ja-leivonta-1/sokerit-makeutusaineet-ja-hunaja","__typename":"HierarchyPathItem"},{"id":"Herkku_00000007","name":"Kuivatuotteet ja leivonta","slug":"kuivatuotteet-ja-leivonta-1","__typename":"HierarchyPathItem"}],"isGlobalFallback":null,"countryName":{"fi":"Ranska","__typename":"CountryName"}},{"id":"6430044524028","ean":"6430044524028","name":"LIEPUSKAN HATSAPURI 4-PACK PAKASTE","price":6.95,"storeId":725782447,"__typename":"Product","approxPrice":false,"basicQuantityUnit":"KPL","comparisonPrice":19.31,"comparisonUnit":"KGM","consumerPackageSize":null,"consumerPackageUnit":null,"priceUnit":"KPL","quantityMultiplier":1,"brandName":"Liepuskan","slug":"liepuskan-hatsapuri-4-pack-pakaste","isAgeLimitedByAlcohol":false,"frozen":true,"packagingLabels":[],"packagingLabelCodes":[],"hierarchyPath":[{"id":"1591691225974010","name":"Muut pikkusuolaiset","slug":"pakasteet-1/leivonnais-ja-leipapakasteet/muut-pikkusuolaiset","__typename":"HierarchyPathItem"},{"id":"Herkku_00000125","name":"Leivonnais- ja leipäpakasteet","slug":"pakasteet-1/leivonnais-ja-leipapakasteet","__typename":"HierarchyPathItem"},{"id":"Herkku_00000013","name":"Pakasteet","slug":"pakasteet-1","__typename":"HierarchyPathItem"}],"isGlobalFallback":null,"countryName":{"fi":"Suomi","__typename":"CountryName"}},{"id":"6430047630528","ean":"6430047630528","name":"HANNUN 100% GLUTEENITON PATONKI","price":2.75,"storeId":725782447,"__typename":"Product","approxPrice":false,"basicQuantityUnit":"KPL","comparisonPrice":22.92,"comparisonUnit":"KGM","consumerPackageSize":null,"consumerPackageUnit":null,"priceUnit":"KPL","quantityMultiplier":1,"brandName":null,"slug":"hannun-100-gluteeniton-patonki","isAgeLimitedByAlcohol":false,"frozen":false,"packagingLabels":[],"packagingLabelCodes":[],"hierarchyPath":[{"id":"Herkku_00000955","name":"Gluteenittomat vaaleat leivät","slug":"leivat-keksit-ja-leivonnaiset-1/gluteenittomat/gluteenittomat-vaaleat-leivat","__typename":"HierarchyPathItem"},{"id":"Herkku_00000155","name":"Gluteenittomat","slug":"leivat-keksit-ja-leivonnaiset-1/gluteenittomat","__typename":"HierarchyPathItem"},{"id":"Herkku_00000008","name":"Leivät, keksit ja leivonnaiset","slug":"leivat-keksit-ja-leivonnaiset-1","__typename":"HierarchyPathItem"}],"isGlobalFallback":null,"countryName":{"fi":"Suomi","__typename":"CountryName"}},{"id":"6430047630658","ean":"6430047630658","name":"RIIVI-KAURA REVITTY TÄYSJYVÄKAURAPALA 4KPL/PSS","price":2.75,"storeId":725782447,"__typename":"Product","approxPrice":false,"basicQuantityUnit":"KPL","comparisonPrice":8.09,"comparisonUnit":"KGM","consumerPackageSize":null,"consumerPackageUnit":null,"priceUnit":"KPL","quantityMultiplier":1,"brandName":"Pirjon Pakari","slug":"riivi-kaura-revitty-taysjyvakaurapala-4kplpss","isAgeLimitedByAlcohol":false,"frozen":false,"packagingLabels":[],"packagingLabelCodes":[],"hierarchyPath":[{"id":"1591691250986235","name":"Muut vaaleat leivät","slug":"leivat-keksit-ja-leivonnaiset-1/leivat/muut-vaaleat-leivat","__typename":"HierarchyPathItem"},{"id":"StructureGroup_1796559627347513","name":"Leivät","slug":"leivat-keksit-ja-leivonnaiset-1/leivat","__typename":"HierarchyPathItem"},{"id":"Herkku_00000008","name":"Leivät, keksit ja leivonnaiset","slug":"leivat-keksit-ja-leivonnaiset-1","__typename":"HierarchyPathItem"}],"isGlobalFallback":null,"countryName":{"fi":"Suomi","__typename":"CountryName"}},{"id":"6430047630764","ean":"6430047630764","name":"KAURAKAKKO TÄYSJYVÄ KAURALEIPÄ > 50% KAURAA","price":2.75,"storeId":725782447,"__typename":"Product","approxPrice":false,"basicQuantityUnit":"KPL","comparisonPrice":7.24,"comparisonUnit":"KGM","consumerPackageSize":null,"consumerPackageUnit":null,"priceUnit":"KPL","quantityMultiplier":1,"brandName":"Pirjon Pakari","slug":"kaurakakko-taysjyva-kauraleipa-greater-50-kauraa","isAgeLimitedByAlcohol":false,"frozen":false,"packagingLabels":[],"packagingLabelCodes":[],"hierarchyPath":[{"id":"1591691246910992","name":"Vaaleat leivät","slug":"leivat-keksit-ja-leivonnaiset-1/paistopisteen-tuotteet/vaaleat-leivat","__typename":"HierarchyPathItem"},{"id":"Herkku_00000154","name":"Paistopisteen tuotteet","slug":"leivat-keksit-ja-leivonnaiset-1/paistopisteen-tuotteet","__typename":"HierarchyPathItem"},{"id":"Herkku_00000008","name":"Leivät, keksit ja leivonnaiset","slug":"leivat-keksit-ja-leivonnaiset-1","__typename":"HierarchyPathItem"}],"isGlobalFallback":null,"countryName":{"fi":"Suomi","__typename":"CountryName"}},{"id":"6430047632058","ean":"6430047632058","name":"VAALEA JÄLKIUUNIPALALEIPÄ 4KPL/PSS","price":4.39,"storeId":725782447,"__typename":"Product","approxPrice":false,"basicQuantityUnit":"KPL","comparisonPrice":24.39,"comparisonUnit":"KGM","consumerPackageSize":null,"consumerPackageUnit":null,"priceUnit":"KPL","quantityMultiplier":1,"brandName":"Pirjon Pakari","slug":"vaalea-jalkiuunipalaleipa-4kplpss","isAgeLimitedByAlcohol":false,"frozen":false,"packagingLabels":[],"packagingLabelCodes":[],"hierarchyPath":[{"id":"Herkku_00000955","name":"Gluteenittomat vaaleat leivät","slug":"leivat-keksit-ja-leivonnaiset-1/gluteenittomat/gluteenittomat-vaaleat-leivat","__typename":"HierarchyPathItem"},{"id":"Herkku_00000155","name":"Gluteenittomat","slug":"leivat-keksit-ja-leivonnaiset-1/gluteenittomat","__typename":"HierarchyPathItem"},{"id":"Herkku_00000008","name":"Leivät, keksit ja leivonnaiset","slug":"leivat-keksit-ja-leivonnaiset-1","__typename":"HierarchyPathItem"}],"isGlobalFallback":null,"countryName":{"fi":"Suomi","__typename":"CountryName"}},{"id":"6430047632454","ean":"6430047632454","name":"Kaurasiemennäkkäri gluteeniton","price":4.59,"storeId":725782447,"__typename":"Product","approxPrice":false,"basicQuantityUnit":"KPL","comparisonPrice":27,"comparisonUnit":"KGM","consumerPackageSize":null,"consumerPackageUnit":null,"priceUnit":"KPL","quantityMultiplier":1,"brandName":null,"slug":"kaurasiemennakkari-gluteeniton","isAgeLimitedByAlcohol":false,"frozen":false,"packagingLabels":[],"packagingLabelCodes":[],"hierarchyPath":[{"id":"Herkku_00000309","name":"Muut leivät","slug":"leivat-keksit-ja-leivonnaiset-1/gluteenittomat/muut-leivat","__typename":"HierarchyPathItem"},{"id":"Herkku_00000155","name":"Gluteenittomat","slug":"leivat-keksit-ja-leivonnaiset-1/gluteenittomat","__typename":"HierarchyPathItem"},{"id":"Herkku_00000008","name":"Leivät, keksit ja leivonnaiset","slug":"leivat-keksit-ja-leivonnaiset-1","__typename":"HierarchyPathItem"}],"isGlobalFallback":null,"countryName":{"fi":"Suomi","__typename":"CountryName"}},{"id":"6430048231632","ean":"6430048231632","name":"Foodin Lakritsitaateli 170g","price":2.69,"storeId":725782447,"__typename":"Product","approxPrice":false,"basicQuantityUnit":"KPL","comparisonPrice":15.82,"comparisonUnit":"KGM","consumerPackageSize":null,"consumerPackageUnit":null,"priceUnit":"KPL","quantityMultiplier":1,"brandName":"Foodin","slug":"foodin-lakritsitaateli-170g","isAgeLimitedByAlcohol":false,"frozen":false,"packagingLabels":[],"packagingLabelCodes":[],"hierarchyPath":[{"id":"Herkku_00000306","name":"Kuivatut hedelmät ja marjat","slug":"kuivatuotteet-ja-leivonta-1/siemenet-pahkinat-ja-kuivatut-hedelmat/kuivatut-hedelmat-ja-marjat","__typename":"HierarchyPathItem"},{"id":"Herkku_00000050","name":"Siemenet, pähkinät ja kuivatut hedelmät","slug":"kuivatuotteet-ja-leivonta-1/siemenet-pahkinat-ja-kuivatut-hedelmat","__typename":"HierarchyPathItem"},{"id":"Herkku_00000007","name":"Kuivatuotteet ja leivonta","slug":"kuivatuotteet-ja-leivonta-1","__typename":"HierarchyPathItem"}],"isGlobalFallback":null,"countryName":{"fi":"Suomi","__typename":"CountryName"}},{"id":"6430048233773","ean":"6430048233773","name":"Foodin Granola bar Almond Cranberry, luomu, 40g","price":1.95,"storeId":725782447,"__typename":"Product","approxPrice":false,"basicQuantityUnit":"KPL","comparisonPrice":48.75,"comparisonUnit":"KGM","consumerPackageSize":null,"consumerPackageUnit":null,"priceUnit":"KPL","quantityMultiplier":1,"brandName":"Foodin","slug":"foodin-granola-bar-almond-cranberry-luomu-40g","isAgeLimitedByAlcohol":false,"frozen":false,"packagingLabels":["Avainlippu"," EU:n luomutunnus (lehti)"],"packagingLabelCodes":["EU_ORGANIC_FARMING"," MADE_IN_FINLAND_FLAG_WITH_KEY"],"hierarchyPath":[{"id":"Herkku_00000978","name":"Energiapatukat","slug":"luontaistuotteet-ja-lisaravinteet-1/urheiluravinnepatukat/energiapatukat","__typename":"HierarchyPathItem"},{"id":"Herkku_00000159","name":"Urheiluravinnepatukat","slug":"luontaistuotteet-ja-lisaravinteet-1/urheiluravinnepatukat","__typename":"HierarchyPathItem"},{"id":"Herkku_00000016","name":"Luontaistuotteet ja lisäravinteet","slug":"luontaistuotteet-ja-lisaravinteet-1","__typename":"HierarchyPathItem"}],"isGlobalFallback":null,"countryName":{"fi":"Suomi","__typename":"CountryName"}},{"id":"6430048441031","ean":"6430048441031","name":"3 Kaveria Vadelma & Valkosuklaa jäätelö 500ml/400g","price":7.09,"storeId":725782447,"__typename":"Product","approxPrice":false,"basicQuantityUnit":"KPL","comparisonPrice":14.18,"comparisonUnit":"LTR","consumerPackageSize":null,"consumerPackageUnit":null,"priceUnit":"KPL","quantityMultiplier":1,"brandName":"Kolmen Kaverin Jäätelö","slug":"3-kaveria-vadelma-and-valkosuklaa-jaatelo-500ml400g","isAgeLimitedByAlcohol":false,"frozen":true,"packagingLabels":[],"packagingLabelCodes":[],"hierarchyPath":[{"id":"1591691225905930","name":"Jäätelöpakkaukset","slug":"pakasteet-1/jaatelot/jaatelopakkaukset","__typename":"HierarchyPathItem"},{"id":"Herkku_00000130","name":"Jäätelöt","slug":"pakasteet-1/jaatelot","__typename":"HierarchyPathItem"},{"id":"Herkku_00000013","name":"Pakasteet","slug":"pakasteet-1","__typename":"HierarchyPathItem"}],"isGlobalFallback":null,"countryName":{"fi":"Suomi","__typename":"CountryName"}},{"id":"6430048441369","ean":"6430048441369","name":"3 Kaveria Laktoositon Piparkakku jäätelö 500ml/400g","price":7.09,"storeId":725782447,"__typename":"Product","approxPrice":false,"basicQuantityUnit":"KPL","comparisonPrice":14.18,"comparisonUnit":"LTR","consumerPackageSize":null,"consumerPackageUnit":null,"priceUnit":"KPL","quantityMultiplier":1,"brandName":"Kolmen Kaverin Jäätelö","slug":"3-kaveria-laktoositon-piparkakku-jaatelo-500ml400g","isAgeLimitedByAlcohol":false,"frozen":true,"packagingLabels":[],"packagingLabelCodes":[],"hierarchyPath":[{"id":"1591691225905930","name":"Jäätelöpakkaukset","slug":"pakasteet-1/jaatelot/jaatelopakkaukset","__typename":"HierarchyPathItem"},{"id":"Herkku_00000130","name":"Jäätelöt","slug":"pakasteet-1/jaatelot","__typename":"HierarchyPathItem"},{"id":"Herkku_00000013","name":"Pakasteet","slug":"pakasteet-1","__typename":"HierarchyPathItem"}],"isGlobalFallback":null,"countryName":{"fi":"Suomi","__typename":"CountryName"}},{"id":"6430048444261","ean":"6430048444261","name":"3 Kaveria Vegaaninen Suklaa & Pähkinäkinuski jäätelöpuikko 110ml/80g","price":2.79,"storeId":725782447,"__typename":"Product","approxPrice":false,"basicQuantityUnit":"KPL","comparisonPrice":34.88,"comparisonUnit":"KGM","consumerPackageSize":null,"consumerPackageUnit":null,"priceUnit":"KPL","quantityMultiplier":1,"brandName":"Kolmen Kaverin Jäätelö","slug":"3-kaveria-vegaaninen-suklaa-and-pahkinakinuski-jaatelopuikko-110ml80g","isAgeLimitedByAlcohol":false,"frozen":true,"packagingLabels":[],"packagingLabelCodes":[],"hierarchyPath":[{"id":"1591691225905928","name":"Yksittäiset jäätelöt","slug":"pakasteet-1/jaatelot/yksittaiset-jaatelot","__typename":"HierarchyPathItem"},{"id":"Herkku_00000130","name":"Jäätelöt","slug":"pakasteet-1/jaatelot","__typename":"HierarchyPathItem"},{"id":"Herkku_00000013","name":"Pakasteet","slug":"pakasteet-1","__typename":"HierarchyPathItem"}],"isGlobalFallback":null,"countryName":{"fi":"Suomi","__typename":"CountryName"}},{"id":"6430048446111","ean":"6430048446111","name":"3 Kaveria Laktoositon Kinuski & Merisuola jäätelötuutti 150ml/95g","price":2.95,"storeId":725782447,"__typename":"Product","approxPrice":false,"basicQuantityUnit":"KPL","comparisonPrice":31.05,"comparisonUnit":"KGM","consumerPackageSize":null,"consumerPackageUnit":null,"priceUnit":"KPL","quantityMultiplier":1,"brandName":"Kolmen Kaverin Jäätelö","slug":"3-kaveria-laktoositon-kinuski-and-merisuola-jaatelotuutti-150ml95g","isAgeLimitedByAlcohol":false,"frozen":true,"packagingLabels":[],"packagingLabelCodes":[],"hierarchyPath":[{"id":"1591691225905928","name":"Yksittäiset jäätelöt","slug":"pakasteet-1/jaatelot/yksittaiset-jaatelot","__typename":"HierarchyPathItem"},{"id":"Herkku_00000130","name":"Jäätelöt","slug":"pakasteet-1/jaatelot","__typename":"HierarchyPathItem"},{"id":"Herkku_00000013","name":"Pakasteet","slug":"pakasteet-1","__typename":"HierarchyPathItem"}],"isGlobalFallback":null,"countryName":{"fi":"Suomi","__typename":"CountryName"}},{"id":"6430050002350","ean":"6430050002350","name":"Puhdas+ Kasviperäinen D3-vitamiini 50µg 17g/60kaps","price":14.95,"storeId":725782447,"__typename":"Product","approxPrice":false,"basicQuantityUnit":"KPL","comparisonPrice":0.25,"comparisonUnit":"PCE","consumerPackageSize":null,"consumerPackageUnit":null,"priceUnit":"KPL","quantityMultiplier":1,"brandName":"Puhdas+","slug":"puhdas-kasviperainen-d3-vitamiini-50g-17g60kaps","isAgeLimitedByAlcohol":false,"frozen":false,"packagingLabels":[],"packagingLabelCodes":[],"hierarchyPath":[{"id":"Herkku_00001046","name":"D-vitamiinit","slug":"luontaistuotteet-ja-lisaravinteet-1/vitamiinit/d-vitamiinit","__typename":"HierarchyPathItem"},{"id":"Herkku_00000177","name":"Vitamiinit","slug":"luontaistuotteet-ja-lisaravinteet-1/vitamiinit","__typename":"HierarchyPathItem"},{"id":"Herkku_00000016","name":"Luontaistuotteet ja lisäravinteet","slug":"luontaistuotteet-ja-lisaravinteet-1","__typename":"HierarchyPathItem"}],"isGlobalFallback":null,"countryName":{"fi":"Suomi","__typename":"CountryName"}},{"id":"6430051514821","ean":"6430051514821","name":"Leader Performance Protein Soft proteiinipatukka valkosuklaa 60 g","price":2.25,"storeId":725782447,"__typename":"Product","approxPrice":false,"basicQuantityUnit":"KPL","comparisonPrice":37.5,"comparisonUnit":"KGM","consumerPackageSize":null,"consumerPackageUnit":null,"priceUnit":"KPL","quantityMultiplier":1,"brandName":"Leader","slug":"leader-performance-protein-soft-proteiinipatukka-valkosuklaa-60-g","isAgeLimitedByAlcohol":false,"frozen":false,"packagingLabels":[],"packagingLabelCodes":[],"hierarchyPath":[{"id":"Herkku_00000979","name":"Proteiinipatukat","slug":"luontaistuotteet-ja-lisaravinteet-1/urheiluravinnepatukat/proteiinipatukat","__typename":"HierarchyPathItem"},{"id":"Herkku_00000159","name":"Urheiluravinnepatukat","slug":"luontaistuotteet-ja-lisaravinteet-1/urheiluravinnepatukat","__typename":"HierarchyPathItem"},{"id":"Herkku_00000016","name":"Luontaistuotteet ja lisäravinteet","slug":"luontaistuotteet-ja-lisaravinteet-1","__typename":"HierarchyPathItem"}],"isGlobalFallback":null,"countryName":{"fi":"Suomi","__typename":"CountryName"}},{"id":"6430052500762","ean":"6430052500762","name":"Bloks Jääpalat 1,5kg","price":3.99,"storeId":725782447,"__typename":"Product","approxPrice":false,"basicQuantityUnit":"KPL","comparisonPrice":2.66,"comparisonUnit":"KGM","consumerPackageSize":null,"consumerPackageUnit":null,"priceUnit":"KPL","quantityMultiplier":1,"brandName":"Bloks","slug":"bloks-jaapalat-1-5kg","isAgeLimitedByAlcohol":false,"frozen":true,"packagingLabels":[],"packagingLabelCodes":[],"hierarchyPath":[{"id":"1591691225905928","name":"Yksittäiset jäätelöt","slug":"pakasteet-1/jaatelot/yksittaiset-jaatelot","__typename":"HierarchyPathItem"},{"id":"Herkku_00000130","name":"Jäätelöt","slug":"pakasteet-1/jaatelot","__typename":"HierarchyPathItem"},{"id":"Herkku_00000013","name":"Pakasteet","slug":"pakasteet-1","__typename":"HierarchyPathItem"}],"isGlobalFallback":null,"countryName":{"fi":"Suomi","__typename":"CountryName"}},{"id":"6430055214802","ean":"6430055214802","name":"Foodin kookosvesi luomu 330ml","price":2.04,"storeId":725782447,"__typename":"Product","approxPrice":false,"basicQuantityUnit":"KPL","comparisonPrice":6.18,"comparisonUnit":"LTR","consumerPackageSize":null,"consumerPackageUnit":null,"priceUnit":"KPL","quantityMultiplier":1,"brandName":"Foodin","slug":"foodin-kookosvesi-luomu-330ml","isAgeLimitedByAlcohol":false,"frozen":false,"packagingLabels":["EU:n luomutunnus (lehti)"],"packagingLabelCodes":["EU_ORGANIC_FARMING"],"hierarchyPath":[{"id":"Herkku_00000977","name":"Ready to drink -juomat","slug":"luontaistuotteet-ja-lisaravinteet-1/urheiluravinnejuomat/ready-to-drink-juomat","__typename":"HierarchyPathItem"},{"id":"Herkku_00000158","name":"Urheiluravinnejuomat","slug":"luontaistuotteet-ja-lisaravinteet-1/urheiluravinnejuomat","__typename":"HierarchyPathItem"},{"id":"Herkku_00000016","name":"Luontaistuotteet ja lisäravinteet","slug":"luontaistuotteet-ja-lisaravinteet-1","__typename":"HierarchyPathItem"}],"isGlobalFallback":null,"countryName":{"fi":"Vietnam","__typename":"CountryName"}},{"id":"6430055219142","ean":"6430055219142","name":"Foodin Raakasuklaamansikka luomu 50g","price":2.89,"storeId":725782447,"__typename":"Product","approxPrice":false,"basicQuantityUnit":"KPL","comparisonPrice":57.8,"comparisonUnit":"KGM","consumerPackageSize":null,"consumerPackageUnit":null,"priceUnit":"KPL","quantityMultiplier":1,"brandName":"Foodin","slug":"foodin-raakasuklaamansikka-luomu-50g","isAgeLimitedByAlcohol":false,"frozen":false,"packagingLabels":["Avainlippu"," EU:n luomutunnus (lehti)"],"packagingLabelCodes":["EU_ORGANIC_FARMING"," MADE_IN_FINLAND_FLAG_WITH_KEY"],"hierarchyPath":[{"id":"Herkku_00000306","name":"Kuivatut hedelmät ja marjat","slug":"kuivatuotteet-ja-leivonta-1/siemenet-pahkinat-ja-kuivatut-hedelmat/kuivatut-hedelmat-ja-marjat","__typename":"HierarchyPathItem"},{"id":"Herkku_00000050","name":"Siemenet, pähkinät ja kuivatut hedelmät","slug":"kuivatuotteet-ja-leivonta-1/siemenet-pahkinat-ja-kuivatut-hedelmat","__typename":"HierarchyPathItem"},{"id":"Herkku_00000007","name":"Kuivatuotteet ja leivonta","slug":"kuivatuotteet-ja-leivonta-1","__typename":"HierarchyPathItem"}],"isGlobalFallback":null,"countryName":{"fi":"Suomi","__typename":"CountryName"}},{"id":"6430055270037","ean":"6430055270037","name":"Maatilan Parhaat Kermajuusto 300g viipaloitu","price":3.99,"storeId":725782447,"__typename":"Product","approxPrice":false,"basicQuantityUnit":"KPL","comparisonPrice":13.3,"comparisonUnit":"KGM","consumerPackageSize":null,"consumerPackageUnit":null,"priceUnit":"KPL","quantityMultiplier":1,"brandName":"Maatilan Parhaat","slug":"maatilan-parhaat-kermajuusto-300g-viipaloitu","isAgeLimitedByAlcohol":false,"frozen":false,"packagingLabels":[],"packagingLabelCodes":[],"hierarchyPath":[{"id":"1591691244827921","name":"Kermajuustot","slug":"juustot-0/pala-ja-viipalejuustot/kermajuustot","__typename":"HierarchyPathItem"},{"id":"1591691244827914","name":"Pala- ja viipalejuustot","slug":"juustot-0/pala-ja-viipalejuustot","__typename":"HierarchyPathItem"},{"id":"Herkku_00000003","name":"Juustot","slug":"juustot-0","__typename":"HierarchyPathItem"}],"isGlobalFallback":null,"countryName":{"fi":"Viro","__typename":"CountryName"}},{"id":"6430055270051","ean":"6430055270051","name":"Maatilan Parhaat Emmentaljuusto 300g laktoositon, viipaloitu","price":3.99,"storeId":725782447,"__typename":"Product","approxPrice":false,"basicQuantityUnit":"KPL","comparisonPrice":13.3,"comparisonUnit":"KGM","consumerPackageSize":null,"consumerPackageUnit":null,"priceUnit":"KPL","quantityMultiplier":1,"brandName":"Maatilan Parhaat","slug":"maatilan-parhaat-emmentaljuusto-300g-laktoositon-viipaloitu","isAgeLimitedByAlcohol":false,"frozen":false,"packagingLabels":[],"packagingLabelCodes":[],"hierarchyPath":[{"id":"1591691244827920","name":"Emmental juustot","slug":"juustot-0/pala-ja-viipalejuustot/emmental-juustot","__typename":"HierarchyPathItem"},{"id":"1591691244827914","name":"Pala- ja viipalejuustot","slug":"juustot-0/pala-ja-viipalejuustot","__typename":"HierarchyPathItem"},{"id":"Herkku_00000003","name":"Juustot","slug":"juustot-0","__typename":"HierarchyPathItem"}],"isGlobalFallback":null,"countryName":{"fi":"Alankomaat","__typename":"CountryName"}},{"id":"6430056280639","ean":"6430056280639","name":"FAST NIX 45 g Vanilja","price":2.55,"storeId":725782447,"__typename":"Product","approxPrice":false,"basicQuantityUnit":"KPL","comparisonPrice":56.67,"comparisonUnit":"KGM","consumerPackageSize":null,"consumerPackageUnit":null,"priceUnit":"KPL","quantityMultiplier":1,"brandName":"FAST","slug":"fast-nix-45-g-vanilja","isAgeLimitedByAlcohol":false,"frozen":false,"packagingLabels":[],"packagingLabelCodes":[],"hierarchyPath":[{"id":"Herkku_00000979","name":"Proteiinipatukat","slug":"luontaistuotteet-ja-lisaravinteet-1/urheiluravinnepatukat/proteiinipatukat","__typename":"HierarchyPathItem"},{"id":"Herkku_00000159","name":"Urheiluravinnepatukat","slug":"luontaistuotteet-ja-lisaravinteet-1/urheiluravinnepatukat","__typename":"HierarchyPathItem"},{"id":"Herkku_00000016","name":"Luontaistuotteet ja lisäravinteet","slug":"luontaistuotteet-ja-lisaravinteet-1","__typename":"HierarchyPathItem"}],"isGlobalFallback":null,"countryName":{"fi":"Saksa","__typename":"CountryName"}},{"id":"6430056282077","ean":"6430056282077","name":"FAST MAX 45 g toffee","price":2.45,"storeId":725782447,"__typename":"Product","approxPrice":false,"basicQuantityUnit":"KPL","comparisonPrice":54.44,"comparisonUnit":"KGM","consumerPackageSize":null,"consumerPackageUnit":null,"priceUnit":"KPL","quantityMultiplier":1,"brandName":"FAST","slug":"fast-max-45-g-toffee","isAgeLimitedByAlcohol":false,"frozen":false,"packagingLabels":[],"packagingLabelCodes":[],"hierarchyPath":[{"id":"Herkku_00000979","name":"Proteiinipatukat","slug":"luontaistuotteet-ja-lisaravinteet-1/urheiluravinnepatukat/proteiinipatukat","__typename":"HierarchyPathItem"},{"id":"Herkku_00000159","name":"Urheiluravinnepatukat","slug":"luontaistuotteet-ja-lisaravinteet-1/urheiluravinnepatukat","__typename":"HierarchyPathItem"},{"id":"Herkku_00000016","name":"Luontaistuotteet ja lisäravinteet","slug":"luontaistuotteet-ja-lisaravinteet-1","__typename":"HierarchyPathItem"}],"isGlobalFallback":null,"countryName":{"fi":"Ruotsi","__typename":"CountryName"}},{"id":"6430056282619","ean":"6430056282619","name":"FAST ROX 55 g tumma suklaa crisp proteiinipatukka","price":2.55,"storeId":725782447,"__typename":"Product","approxPrice":false,"basicQuantityUnit":"KPL","comparisonPrice":46.36,"comparisonUnit":"KGM","consumerPackageSize":null,"consumerPackageUnit":null,"priceUnit":"KPL","quantityMultiplier":1,"brandName":"FAST","slug":"fast-rox-55-g-tumma-suklaa-crisp-proteiinipatukka","isAgeLimitedByAlcohol":false,"frozen":false,"packagingLabels":[],"packagingLabelCodes":[],"hierarchyPath":[{"id":"Herkku_00000979","name":"Proteiinipatukat","slug":"luontaistuotteet-ja-lisaravinteet-1/urheiluravinnepatukat/proteiinipatukat","__typename":"HierarchyPathItem"},{"id":"Herkku_00000159","name":"Urheiluravinnepatukat","slug":"luontaistuotteet-ja-lisaravinteet-1/urheiluravinnepatukat","__typename":"HierarchyPathItem"},{"id":"Herkku_00000016","name":"Luontaistuotteet ja lisäravinteet","slug":"luontaistuotteet-ja-lisaravinteet-1","__typename":"HierarchyPathItem"}],"isGlobalFallback":null,"countryName":{"fi":"Saksa","__typename":"CountryName"}},{"id":"6430056283050","ean":"6430056283050","name":"FAST ROX 55 g Suolainen toffee crisp kerroksellinen proteiinipatukka","price":2.55,"storeId":725782447,"__typename":"Product","approxPrice":false,"basicQuantityUnit":"KPL","comparisonPrice":46.36,"comparisonUnit":"KGM","consumerPackageSize":null,"consumerPackageUnit":null,"priceUnit":"KPL","quantityMultiplier":1,"brandName":"FAST","slug":"fast-rox-55-g-suolainen-toffee-crisp-kerroksellinen-proteiinipatukka","isAgeLimitedByAlcohol":false,"frozen":false,"packagingLabels":[],"packagingLabelCodes":[],"hierarchyPath":[{"id":"Herkku_00000979","name":"Proteiinipatukat","slug":"luontaistuotteet-ja-lisaravinteet-1/urheiluravinnepatukat/proteiinipatukat","__typename":"HierarchyPathItem"},{"id":"Herkku_00000159","name":"Urheiluravinnepatukat","slug":"luontaistuotteet-ja-lisaravinteet-1/urheiluravinnepatukat","__typename":"HierarchyPathItem"},{"id":"Herkku_00000016","name":"Luontaistuotteet ja lisäravinteet","slug":"luontaistuotteet-ja-lisaravinteet-1","__typename":"HierarchyPathItem"}],"isGlobalFallback":null,"countryName":{"fi":"Saksa","__typename":"CountryName"}},{"id":"6430056283074","ean":"6430056283074","name":"FAST ROX 55 g Cookies & Cream Valkosuklaa","price":2.55,"storeId":725782447,"__typename":"Product","approxPrice":false,"basicQuantityUnit":"KPL","comparisonPrice":46.36,"comparisonUnit":"KGM","consumerPackageSize":null,"consumerPackageUnit":null,"priceUnit":"KPL","quantityMultiplier":1,"brandName":"FAST","slug":"fast-rox-55-g-cookies-and-cream-valkosuklaa","isAgeLimitedByAlcohol":false,"frozen":false,"packagingLabels":[],"packagingLabelCodes":[],"hierarchyPath":[{"id":"Herkku_00000979","name":"Proteiinipatukat","slug":"luontaistuotteet-ja-lisaravinteet-1/urheiluravinnepatukat/proteiinipatukat","__typename":"HierarchyPathItem"},{"id":"Herkku_00000159","name":"Urheiluravinnepatukat","slug":"luontaistuotteet-ja-lisaravinteet-1/urheiluravinnepatukat","__typename":"HierarchyPathItem"},{"id":"Herkku_00000016","name":"Luontaistuotteet ja lisäravinteet","slug":"luontaistuotteet-ja-lisaravinteet-1","__typename":"HierarchyPathItem"}],"isGlobalFallback":null,"countryName":{"fi":"Saksa","__typename":"CountryName"}},{"id":"6430056283470","ean":"6430056283470","name":"Celsius 355 ml Peach Vibe White Peach","price":2.35,"storeId":725782447,"__typename":"Product","approxPrice":false,"basicQuantityUnit":"KPL","comparisonPrice":6.2,"comparisonUnit":"LTR","consumerPackageSize":null,"consumerPackageUnit":null,"priceUnit":"KPL","quantityMultiplier":1,"brandName":"Celsius","slug":"celsius-355-ml-peach-vibe-white-peach","isAgeLimitedByAlcohol":false,"frozen":false,"packagingLabels":[],"packagingLabelCodes":[],"hierarchyPath":[{"id":"1591691224561835","name":"Energiajuomat","slug":"juomat-1/energiajuomat-ja-urheilujuomat/energiajuomat","__typename":"HierarchyPathItem"},{"id":"1591691224561833","name":"Energiajuomat ja urheilujuomat","slug":"juomat-1/energiajuomat-ja-urheilujuomat","__typename":"HierarchyPathItem"},{"id":"Herkku_00000005","name":"Juomat","slug":"juomat-1","__typename":"HierarchyPathItem"}],"isGlobalFallback":null,"countryName":{"fi":"Saksa","__typename":"CountryName"}},{"id":"6430056283678","ean":"6430056283678","name":"FAST ROX 55 g Berry Choco Crisp","price":2.55,"storeId":725782447,"__typename":"Product","approxPrice":false,"basicQuantityUnit":"KPL","comparisonPrice":46.36,"comparisonUnit":"KGM","consumerPackageSize":null,"consumerPackageUnit":null,"priceUnit":"KPL","quantityMultiplier":1,"brandName":"FAST","slug":"fast-rox-55-g-berry-choco-crisp","isAgeLimitedByAlcohol":false,"frozen":false,"packagingLabels":[],"packagingLabelCodes":[],"hierarchyPath":[{"id":"Herkku_00000979","name":"Proteiinipatukat","slug":"luontaistuotteet-ja-lisaravinteet-1/urheiluravinnepatukat/proteiinipatukat","__typename":"HierarchyPathItem"},{"id":"Herkku_00000159","name":"Urheiluravinnepatukat","slug":"luontaistuotteet-ja-lisaravinteet-1/urheiluravinnepatukat","__typename":"HierarchyPathItem"},{"id":"Herkku_00000016","name":"Luontaistuotteet ja lisäravinteet","slug":"luontaistuotteet-ja-lisaravinteet-1","__typename":"HierarchyPathItem"}],"isGlobalFallback":null,"countryName":{"fi":"Saksa","__typename":"CountryName"}},{"id":"6430056283821","ean":"6430056283821","name":"FAST BANOFFEE 45 g monikerroksinen proteiinipatukka","price":2.75,"storeId":725782447,"__typename":"Product","approxPrice":false,"basicQuantityUnit":"KPL","comparisonPrice":61.11,"comparisonUnit":"KGM","consumerPackageSize":null,"consumerPackageUnit":null,"priceUnit":"KPL","quantityMultiplier":1,"brandName":"FAST","slug":"fast-banoffee-45-g-monikerroksinen-proteiinipatukka","isAgeLimitedByAlcohol":false,"frozen":false,"packagingLabels":[],"packagingLabelCodes":[],"hierarchyPath":[{"id":"Herkku_00000979","name":"Proteiinipatukat","slug":"luontaistuotteet-ja-lisaravinteet-1/urheiluravinnepatukat/proteiinipatukat","__typename":"HierarchyPathItem"},{"id":"Herkku_00000159","name":"Urheiluravinnepatukat","slug":"luontaistuotteet-ja-lisaravinteet-1/urheiluravinnepatukat","__typename":"HierarchyPathItem"},{"id":"Herkku_00000016","name":"Luontaistuotteet ja lisäravinteet","slug":"luontaistuotteet-ja-lisaravinteet-1","__typename":"HierarchyPathItem"}],"isGlobalFallback":null,"countryName":{"fi":"Saksa","__typename":"CountryName"}},{"id":"6430056283890","ean":"6430056283890","name":"FAST ROX Mud Cake white choco crisp monikerroksellinen  55 g","price":2.55,"storeId":725782447,"__typename":"Product","approxPrice":false,"basicQuantityUnit":"KPL","comparisonPrice":46.36,"comparisonUnit":"KGM","consumerPackageSize":null,"consumerPackageUnit":null,"priceUnit":"KPL","quantityMultiplier":1,"brandName":"FAST","slug":"fast-rox-mud-cake-white-choco-crisp-monikerroksellinen-55-g","isAgeLimitedByAlcohol":false,"frozen":false,"packagingLabels":[],"packagingLabelCodes":[],"hierarchyPath":[{"id":"Herkku_00000979","name":"Proteiinipatukat","slug":"luontaistuotteet-ja-lisaravinteet-1/urheiluravinnepatukat/proteiinipatukat","__typename":"HierarchyPathItem"},{"id":"Herkku_00000159","name":"Urheiluravinnepatukat","slug":"luontaistuotteet-ja-lisaravinteet-1/urheiluravinnepatukat","__typename":"HierarchyPathItem"},{"id":"Herkku_00000016","name":"Luontaistuotteet ja lisäravinteet","slug":"luontaistuotteet-ja-lisaravinteet-1","__typename":"HierarchyPathItem"}],"isGlobalFallback":null,"countryName":{"fi":"Saksa","__typename":"CountryName"}},{"id":"6430056283906","ean":"6430056283906","name":"Celsius Lemon Crush 355 ml Lemon lime","price":2.29,"storeId":725782447,"__typename":"Product","approxPrice":false,"basicQuantityUnit":"KPL","comparisonPrice":6.03,"comparisonUnit":"LTR","consumerPackageSize":null,"consumerPackageUnit":null,"priceUnit":"KPL","quantityMultiplier":1,"brandName":"Celsius","slug":"celsius-lemon-crush-355-ml-lemon-lime","isAgeLimitedByAlcohol":false,"frozen":false,"packagingLabels":[],"packagingLabelCodes":[],"hierarchyPath":[{"id":"1591691224561835","name":"Energiajuomat","slug":"juomat-1/energiajuomat-ja-urheilujuomat/energiajuomat","__typename":"HierarchyPathItem"},{"id":"1591691224561833","name":"Energiajuomat ja urheilujuomat","slug":"juomat-1/energiajuomat-ja-urheilujuomat","__typename":"HierarchyPathItem"},{"id":"Herkku_00000005","name":"Juomat","slug":"juomat-1","__typename":"HierarchyPathItem"}],"isGlobalFallback":null,"countryName":{"fi":"Saksa","__typename":"CountryName"}},{"id":"6430056283920","ean":"6430056283920","name":"FAST Milky Choco 45 g  monikerroksinen proteiinipatukka","price":2.75,"storeId":725782447,"__typename":"Product","approxPrice":false,"basicQuantityUnit":"KPL","comparisonPrice":61.11,"comparisonUnit":"KGM","consumerPackageSize":null,"consumerPackageUnit":null,"priceUnit":"KPL","quantityMultiplier":1,"brandName":"FAST","slug":"fast-milky-choco-45-g-monikerroksinen-proteiinipatukka","isAgeLimitedByAlcohol":false,"frozen":false,"packagingLabels":[],"packagingLabelCodes":[],"hierarchyPath":[{"id":"Herkku_00000979","name":"Proteiinipatukat","slug":"luontaistuotteet-ja-lisaravinteet-1/urheiluravinnepatukat/proteiinipatukat","__typename":"HierarchyPathItem"},{"id":"Herkku_00000159","name":"Urheiluravinnepatukat","slug":"luontaistuotteet-ja-lisaravinteet-1/urheiluravinnepatukat","__typename":"HierarchyPathItem"},{"id":"Herkku_00000016","name":"Luontaistuotteet ja lisäravinteet","slug":"luontaistuotteet-ja-lisaravinteet-1","__typename":"HierarchyPathItem"}],"isGlobalFallback":null,"countryName":{"fi":"Saksa","__typename":"CountryName"}},{"id":"6430056283937","ean":"6430056283937","name":"FAST Mint Choco 42 g monikerroksinen proteiinipatukka","price":2.75,"storeId":725782447,"__typename":"Product","approxPrice":false,"basicQuantityUnit":"KPL","comparisonPrice":65.48,"comparisonUnit":"KGM","consumerPackageSize":null,"consumerPackageUnit":null,"priceUnit":"KPL","quantityMultiplier":1,"brandName":"FAST","slug":"fast-mint-choco-42-g-monikerroksinen-proteiinipatukka","isAgeLimitedByAlcohol":false,"frozen":false,"packagingLabels":[],"packagingLabelCodes":[],"hierarchyPath":[{"id":"Herkku_00000979","name":"Proteiinipatukat","slug":"luontaistuotteet-ja-lisaravinteet-1/urheiluravinnepatukat/proteiinipatukat","__typename":"HierarchyPathItem"},{"id":"Herkku_00000159","name":"Urheiluravinnepatukat","slug":"luontaistuotteet-ja-lisaravinteet-1/urheiluravinnepatukat","__typename":"HierarchyPathItem"},{"id":"Herkku_00000016","name":"Luontaistuotteet ja lisäravinteet","slug":"luontaistuotteet-ja-lisaravinteet-1","__typename":"HierarchyPathItem"}],"isGlobalFallback":null,"countryName":{"fi":"Saksa","__typename":"CountryName"}},{"id":"6430056283968","ean":"6430056283968","name":"FAST Protein Shake 250 ml Milk Choco","price":1.85,"storeId":725782447,"__typename":"Product","approxPrice":false,"basicQuantityUnit":"KPL","comparisonPrice":7.4,"comparisonUnit":"LTR","consumerPackageSize":null,"consumerPackageUnit":null,"priceUnit":"KPL","quantityMultiplier":1,"brandName":"FAST","slug":"fast-protein-shake-250-ml-milk-choco","isAgeLimitedByAlcohol":false,"frozen":false,"packagingLabels":[],"packagingLabelCodes":[],"hierarchyPath":[{"id":"Herkku_00000973","name":"Maitopohjaiset proteiinijuomat","slug":"luontaistuotteet-ja-lisaravinteet-1/urheiluravinnejuomat/maitopohjaiset-proteiinijuomat","__typename":"HierarchyPathItem"},{"id":"Herkku_00000158","name":"Urheiluravinnejuomat","slug":"luontaistuotteet-ja-lisaravinteet-1/urheiluravinnejuomat","__typename":"HierarchyPathItem"},{"id":"Herkku_00000016","name":"Luontaistuotteet ja lisäravinteet","slug":"luontaistuotteet-ja-lisaravinteet-1","__typename":"HierarchyPathItem"}],"isGlobalFallback":null,"countryName":{"fi":"Suomi","__typename":"CountryName"}},{"id":"6430056283982","ean":"6430056283982","name":"FAST Strawboffee 45 g monikerroksinen proteiinipatukka","price":2.75,"storeId":725782447,"__typename":"Product","approxPrice":false,"basicQuantityUnit":"KPL","comparisonPrice":61.11,"comparisonUnit":"KGM","consumerPackageSize":null,"consumerPackageUnit":null,"priceUnit":"KPL","quantityMultiplier":1,"brandName":"FAST","slug":"fast-strawboffee-45-g-monikerroksinen-proteiinipatukka","isAgeLimitedByAlcohol":false,"frozen":false,"packagingLabels":[],"packagingLabelCodes":[],"hierarchyPath":[{"id":"Herkku_00000979","name":"Proteiinipatukat","slug":"luontaistuotteet-ja-lisaravinteet-1/urheiluravinnepatukat/proteiinipatukat","__typename":"HierarchyPathItem"},{"id":"Herkku_00000159","name":"Urheiluravinnepatukat","slug":"luontaistuotteet-ja-lisaravinteet-1/urheiluravinnepatukat","__typename":"HierarchyPathItem"},{"id":"Herkku_00000016","name":"Luontaistuotteet ja lisäravinteet","slug":"luontaistuotteet-ja-lisaravinteet-1","__typename":"HierarchyPathItem"}],"isGlobalFallback":null,"countryName":{"fi":"Alankomaat","__typename":"CountryName"}},{"id":"6430056283999","ean":"6430056283999","name":"CELSIUS 355 ml Mango Passion","price":2.29,"storeId":725782447,"__typename":"Product","approxPrice":false,"basicQuantityUnit":"KPL","comparisonPrice":6.03,"comparisonUnit":"LTR","consumerPackageSize":null,"consumerPackageUnit":null,"priceUnit":"KPL","quantityMultiplier":1,"brandName":"Celsius","slug":"celsius-355-ml-mango-passion","isAgeLimitedByAlcohol":false,"frozen":false,"packagingLabels":[],"packagingLabelCodes":[],"hierarchyPath":[{"id":"1591691224561835","name":"Energiajuomat","slug":"juomat-1/energiajuomat-ja-urheilujuomat/energiajuomat","__typename":"HierarchyPathItem"},{"id":"1591691224561833","name":"Energiajuomat ja urheilujuomat","slug":"juomat-1/energiajuomat-ja-urheilujuomat","__typename":"HierarchyPathItem"},{"id":"Herkku_00000005","name":"Juomat","slug":"juomat-1","__typename":"HierarchyPathItem"}],"isGlobalFallback":null,"countryName":{"fi":"Saksa","__typename":"CountryName"}},{"id":"6430056590851","ean":"6430056590851","name":"PULS Bite 35g suklaa vahäsokerinen proteiinipatukka","price":1.19,"storeId":725782447,"__typename":"Product","approxPrice":false,"basicQuantityUnit":"KPL","comparisonPrice":34,"comparisonUnit":"KGM","consumerPackageSize":null,"consumerPackageUnit":null,"priceUnit":"KPL","quantityMultiplier":1,"brandName":"Puls","slug":"puls-bite-35g-suklaa-vahasokerinen-proteiinipatukka","isAgeLimitedByAlcohol":false,"frozen":false,"packagingLabels":[],"packagingLabelCodes":[],"hierarchyPath":[{"id":"Herkku_00000979","name":"Proteiinipatukat","slug":"luontaistuotteet-ja-lisaravinteet-1/urheiluravinnepatukat/proteiinipatukat","__typename":"HierarchyPathItem"},{"id":"Herkku_00000159","name":"Urheiluravinnepatukat","slug":"luontaistuotteet-ja-lisaravinteet-1/urheiluravinnepatukat","__typename":"HierarchyPathItem"},{"id":"Herkku_00000016","name":"Luontaistuotteet ja lisäravinteet","slug":"luontaistuotteet-ja-lisaravinteet-1","__typename":"HierarchyPathItem"}],"isGlobalFallback":null,"countryName":{"fi":"Alankomaat","__typename":"CountryName"}},{"id":"6430056590875","ean":"6430056590875","name":"PULS Bite 35g juustokakku vahäsokerinen proteiinipatukka","price":1.19,"storeId":725782447,"__typename":"Product","approxPrice":false,"basicQuantityUnit":"KPL","comparisonPrice":34,"comparisonUnit":"KGM","consumerPackageSize":null,"consumerPackageUnit":null,"priceUnit":"KPL","quantityMultiplier":1,"brandName":"Puls","slug":"puls-bite-35g-juustokakku-vahasokerinen-proteiinipatukka","isAgeLimitedByAlcohol":false,"frozen":false,"packagingLabels":[],"packagingLabelCodes":[],"hierarchyPath":[{"id":"Herkku_00000979","name":"Proteiinipatukat","slug":"luontaistuotteet-ja-lisaravinteet-1/urheiluravinnepatukat/proteiinipatukat","__typename":"HierarchyPathItem"},{"id":"Herkku_00000159","name":"Urheiluravinnepatukat","slug":"luontaistuotteet-ja-lisaravinteet-1/urheiluravinnepatukat","__typename":"HierarchyPathItem"},{"id":"Herkku_00000016","name":"Luontaistuotteet ja lisäravinteet","slug":"luontaistuotteet-ja-lisaravinteet-1","__typename":"HierarchyPathItem"}],"isGlobalFallback":null,"countryName":{"fi":"Alankomaat","__typename":"CountryName"}},{"id":"6430057220054","ean":"6430057220054","name":"Proclean kotimainen pesusieni","price":2.39,"storeId":725782447,"__typename":"Product","approxPrice":false,"basicQuantityUnit":"KPL","comparisonPrice":2.39,"comparisonUnit":"PCE","consumerPackageSize":null,"consumerPackageUnit":null,"priceUnit":"KPL","quantityMultiplier":1,"brandName":null,"slug":"proclean-kotimainen-pesusieni","isAgeLimitedByAlcohol":false,"frozen":false,"packagingLabels":[],"packagingLabelCodes":[],"hierarchyPath":[{"id":"1591691233415993","name":"Muut saippuat ja pesutarvikkeet","slug":"kosmetiikka-ja-hygienia/saippuat-ja-pesutarvikkeet/muut-saippuat-ja-pesutarvikkeet","__typename":"HierarchyPathItem"},{"id":"1591691233415959","name":"Saippuat ja pesutarvikkeet","slug":"kosmetiikka-ja-hygienia/saippuat-ja-pesutarvikkeet","__typename":"HierarchyPathItem"},{"id":"1591691233334707","name":"Kosmetiikka ja hygienia","slug":"kosmetiikka-ja-hygienia","__typename":"HierarchyPathItem"}],"isGlobalFallback":null,"countryName":{"fi":"Suomi","__typename":"CountryName"}},{"id":"6430058586630","ean":"6430058586630","name":"Frizc Pure Mint Menthol maustamiskortti 1 kpl","price":0.89,"storeId":725782447,"__typename":"Product","approxPrice":false,"basicQuantityUnit":"KPL","comparisonPrice":0.89,"comparisonUnit":"PCE","consumerPackageSize":null,"consumerPackageUnit":null,"priceUnit":"KPL","quantityMultiplier":1,"brandName":"Frizc","slug":"frizc-pure-mint-menthol-maustamiskortti-1-kpl","isAgeLimitedByAlcohol":false,"frozen":false,"packagingLabels":[],"packagingLabelCodes":[],"hierarchyPath":[{"id":"Herkku_00000407","name":"Leivontaperustuotteet","slug":"kuivatuotteet-ja-leivonta-1/leivontatarvikkeet/leivontaperustuotteet","__typename":"HierarchyPathItem"},{"id":"Herkku_00000072","name":"Leivontatarvikkeet","slug":"kuivatuotteet-ja-leivonta-1/leivontatarvikkeet","__typename":"HierarchyPathItem"},{"id":"Herkku_00000007","name":"Kuivatuotteet ja leivonta","slug":"kuivatuotteet-ja-leivonta-1","__typename":"HierarchyPathItem"}],"isGlobalFallback":null,"countryName":{"fi":"Suomi","__typename":"CountryName"}},{"id":"6430058586739","ean":"6430058586739","name":"Frizc Menthol & Coolmint maustamiskortti 1 kpl","price":0.89,"storeId":725782447,"__typename":"Product","approxPrice":false,"basicQuantityUnit":"KPL","comparisonPrice":0.89,"comparisonUnit":"PCE","consumerPackageSize":null,"consumerPackageUnit":null,"priceUnit":"KPL","quantityMultiplier":1,"brandName":"Frizc","slug":"frizc-menthol-and-coolmint-maustamiskortti-1-kpl","isAgeLimitedByAlcohol":false,"frozen":false,"packagingLabels":[],"packagingLabelCodes":[],"hierarchyPath":[{"id":"Herkku_00000407","name":"Leivontaperustuotteet","slug":"kuivatuotteet-ja-leivonta-1/leivontatarvikkeet/leivontaperustuotteet","__typename":"HierarchyPathItem"},{"id":"Herkku_00000072","name":"Leivontatarvikkeet","slug":"kuivatuotteet-ja-leivonta-1/leivontatarvikkeet","__typename":"HierarchyPathItem"},{"id":"Herkku_00000007","name":"Kuivatuotteet ja leivonta","slug":"kuivatuotteet-ja-leivonta-1","__typename":"HierarchyPathItem"}],"isGlobalFallback":null,"countryName":{"fi":"Suomi","__typename":"CountryName"}},{"id":"6430060430839","ean":"6430060430839","name":"Komero Kanakippo Aasialainen Satay Ateriakippo","price":5.49,"storeId":725782447,"__typename":"Product","approxPrice":false,"basicQuantityUnit":"KPL","comparisonPrice":21.96,"comparisonUnit":"KGM","consumerPackageSize":null,"consumerPackageUnit":null,"priceUnit":"KPL","quantityMultiplier":1,"brandName":"Komero","slug":"komero-kanakippo-aasialainen-satay-ateriakippo","isAgeLimitedByAlcohol":false,"frozen":false,"packagingLabels":[],"packagingLabelCodes":[],"hierarchyPath":[{"id":"1591691237300198","name":"Muu valmisruoka","slug":"valmisruoka-1/valmisateriat-ja-keitot/muu-valmisruoka","__typename":"HierarchyPathItem"},{"id":"1591691237074396","name":"Valmisateriat ja -keitot","slug":"valmisruoka-1/valmisateriat-ja-keitot","__typename":"HierarchyPathItem"},{"id":"StructureGroup_1356670909914497","name":"Valmisruoka","slug":"valmisruoka-1","__typename":"HierarchyPathItem"}],"isGlobalFallback":null,"countryName":{"fi":"Suomi","__typename":"CountryName"}},{"id":"6430061150521","ean":"6430061150521","name":"WAOW 150 g Banaanilastu","price":2.25,"storeId":725782447,"__typename":"Product","approxPrice":false,"basicQuantityUnit":"KPL","comparisonPrice":15,"comparisonUnit":"KGM","consumerPackageSize":null,"consumerPackageUnit":null,"priceUnit":"KPL","quantityMultiplier":1,"brandName":"Waow","slug":"waow-150-g-banaanilastu","isAgeLimitedByAlcohol":false,"frozen":false,"packagingLabels":[],"packagingLabelCodes":[],"hierarchyPath":[{"id":"Herkku_00000306","name":"Kuivatut hedelmät ja marjat","slug":"kuivatuotteet-ja-leivonta-1/siemenet-pahkinat-ja-kuivatut-hedelmat/kuivatut-hedelmat-ja-marjat","__typename":"HierarchyPathItem"},{"id":"Herkku_00000050","name":"Siemenet, pähkinät ja kuivatut hedelmät","slug":"kuivatuotteet-ja-leivonta-1/siemenet-pahkinat-ja-kuivatut-hedelmat","__typename":"HierarchyPathItem"},{"id":"Herkku_00000007","name":"Kuivatuotteet ja leivonta","slug":"kuivatuotteet-ja-leivonta-1","__typename":"HierarchyPathItem"}],"isGlobalFallback":null,"countryName":{"fi":"Filippiinit","__typename":"CountryName"}},{"id":"6430061521703","ean":"6430061521703","name":"Capsi Sitruunahappo 50g","price":1.55,"storeId":725782447,"__typename":"Product","approxPrice":false,"basicQuantityUnit":"KPL","comparisonPrice":31,"comparisonUnit":"PCE","consumerPackageSize":null,"consumerPackageUnit":null,"priceUnit":"KPL","quantityMultiplier":1,"brandName":"Capsi","slug":"capsi-sitruunahappo-50g","isAgeLimitedByAlcohol":false,"frozen":false,"packagingLabels":[],"packagingLabelCodes":[],"hierarchyPath":[{"id":"Herkku_00000073","name":"Säilöntäaineet","slug":"kuivatuotteet-ja-leivonta-1/sailontaaineet","__typename":"HierarchyPathItem"},{"id":"Herkku_00000007","name":"Kuivatuotteet ja leivonta","slug":"kuivatuotteet-ja-leivonta-1","__typename":"HierarchyPathItem"}],"isGlobalFallback":null,"countryName":{"fi":"Saksa","__typename":"CountryName"}},{"id":"6430062465891","ean":"6430062465891","name":"Hau-Hau Champion Kana-ateria täysravinto 260 g","price":1.65,"storeId":725782447,"__typename":"Product","approxPrice":false,"basicQuantityUnit":"KPL","comparisonPrice":6.35,"comparisonUnit":"KGM","consumerPackageSize":null,"consumerPackageUnit":null,"priceUnit":"KPL","quantityMultiplier":1,"brandName":"Hau-Hau Champion","slug":"hau-hau-champion-kana-ateria-taysravinto-260-g","isAgeLimitedByAlcohol":false,"frozen":false,"packagingLabels":[],"packagingLabelCodes":[],"hierarchyPath":[{"id":"Herkku_00000537","name":"Koiran kostea ruoka","slug":"lemmikit-1/koiranruoat/koiran-kostea-ruoka","__typename":"HierarchyPathItem"},{"id":"Herkku_00000102","name":"Koiranruoat","slug":"lemmikit-1/koiranruoat","__typename":"HierarchyPathItem"},{"id":"Herkku_00000012","name":"Lemmikit","slug":"lemmikit-1","__typename":"HierarchyPathItem"}],"isGlobalFallback":null,"countryName":{"fi":"Viro","__typename":"CountryName"}},{"id":"6430063810119","ean":"6430063810119","name":"Tervens Kikhernemakaroni","price":3.85,"storeId":725782447,"__typename":"Product","approxPrice":false,"basicQuantityUnit":"KPL","comparisonPrice":12.83,"comparisonUnit":"KGM","consumerPackageSize":null,"consumerPackageUnit":null,"priceUnit":"KPL","quantityMultiplier":1,"brandName":"Tervens","slug":"tervens-kikhernemakaroni","isAgeLimitedByAlcohol":false,"frozen":false,"packagingLabels":[],"packagingLabelCodes":[],"hierarchyPath":[{"id":"Herkku_00000494","name":"Makaronit","slug":"kuivatuotteet-ja-leivonta-1/riisit-pastat-ja-nuudelit/makaronit","__typename":"HierarchyPathItem"},{"id":"Herkku_00000088","name":"Riisit, pastat ja nuudelit","slug":"kuivatuotteet-ja-leivonta-1/riisit-pastat-ja-nuudelit","__typename":"HierarchyPathItem"},{"id":"Herkku_00000007","name":"Kuivatuotteet ja leivonta","slug":"kuivatuotteet-ja-leivonta-1","__typename":"HierarchyPathItem"}],"isGlobalFallback":null,"countryName":{"fi":"Suomi","__typename":"CountryName"}},{"id":"6430063810133","ean":"6430063810133","name":"Tervens Kikhernefusilli","price":3.15,"storeId":725782447,"__typename":"Product","approxPrice":false,"basicQuantityUnit":"KPL","comparisonPrice":15.75,"comparisonUnit":"KGM","consumerPackageSize":null,"consumerPackageUnit":null,"priceUnit":"KPL","quantityMultiplier":1,"brandName":"Tervens","slug":"tervens-kikhernefusilli","isAgeLimitedByAlcohol":false,"frozen":false,"packagingLabels":[],"packagingLabelCodes":[],"hierarchyPath":[{"id":"Herkku_00000493","name":"Kuviopastat","slug":"kuivatuotteet-ja-leivonta-1/riisit-pastat-ja-nuudelit/kuviopastat","__typename":"HierarchyPathItem"},{"id":"Herkku_00000088","name":"Riisit, pastat ja nuudelit","slug":"kuivatuotteet-ja-leivonta-1/riisit-pastat-ja-nuudelit","__typename":"HierarchyPathItem"},{"id":"Herkku_00000007","name":"Kuivatuotteet ja leivonta","slug":"kuivatuotteet-ja-leivonta-1","__typename":"HierarchyPathItem"}],"isGlobalFallback":null,"countryName":{"fi":"Suomi","__typename":"CountryName"}},{"id":"6430063810430","ean":"6430063810430","name":"Tervens Kikhernefusilli & Nokkonen","price":3.15,"storeId":725782447,"__typename":"Product","approxPrice":false,"basicQuantityUnit":"KPL","comparisonPrice":15.75,"comparisonUnit":"KGM","consumerPackageSize":null,"consumerPackageUnit":null,"priceUnit":"KPL","quantityMultiplier":1,"brandName":"Tervens","slug":"tervens-kikhernefusilli-and-nokkonen","isAgeLimitedByAlcohol":false,"frozen":false,"packagingLabels":[],"packagingLabelCodes":[],"hierarchyPath":[{"id":"Herkku_00000493","name":"Kuviopastat","slug":"kuivatuotteet-ja-leivonta-1/riisit-pastat-ja-nuudelit/kuviopastat","__typename":"HierarchyPathItem"},{"id":"Herkku_00000088","name":"Riisit, pastat ja nuudelit","slug":"kuivatuotteet-ja-leivonta-1/riisit-pastat-ja-nuudelit","__typename":"HierarchyPathItem"},{"id":"Herkku_00000007","name":"Kuivatuotteet ja leivonta","slug":"kuivatuotteet-ja-leivonta-1","__typename":"HierarchyPathItem"}],"isGlobalFallback":null,"countryName":{"fi":"Suomi","__typename":"CountryName"}},{"id":"6430064400456","ean":"6430064400456","name":"Aino Lumoava Lakritsi kermajäätelö kotipakkaus 504g/900ml","price":5.65,"storeId":725782447,"__typename":"Product","approxPrice":false,"basicQuantityUnit":"KPL","comparisonPrice":6.28,"comparisonUnit":"LTR","consumerPackageSize":null,"consumerPackageUnit":null,"priceUnit":"KPL","quantityMultiplier":1,"brandName":"Aino","slug":"aino-lumoava-lakritsi-kermajaatelo-kotipakkaus-504g900ml","isAgeLimitedByAlcohol":false,"frozen":true,"packagingLabels":["Avainlippu"],"packagingLabelCodes":["MADE_IN_FINLAND_FLAG_WITH_KEY"],"hierarchyPath":[{"id":"1591691225905930","name":"Jäätelöpakkaukset","slug":"pakasteet-1/jaatelot/jaatelopakkaukset","__typename":"HierarchyPathItem"},{"id":"Herkku_00000130","name":"Jäätelöt","slug":"pakasteet-1/jaatelot","__typename":"HierarchyPathItem"},{"id":"Herkku_00000013","name":"Pakasteet","slug":"pakasteet-1","__typename":"HierarchyPathItem"}],"isGlobalFallback":null,"countryName":{"fi":"Suomi","__typename":"CountryName"}},{"id":"6430064400470","ean":"6430064400470","name":"Pingviini Juhlatuutti Lakka jäätelötuutti 112g/1,75dl","price":2.75,"storeId":725782447,"__typename":"Product","approxPrice":false,"basicQuantityUnit":"KPL","comparisonPrice":24.55,"comparisonUnit":"KGM","consumerPackageSize":null,"consumerPackageUnit":null,"priceUnit":"KPL","quantityMultiplier":1,"brandName":"Pingviini","slug":"pingviini-juhlatuutti-lakka-jaatelotuutti-112g1-75dl","isAgeLimitedByAlcohol":false,"frozen":true,"packagingLabels":["Avainlippu"],"packagingLabelCodes":["MADE_IN_FINLAND_FLAG_WITH_KEY"],"hierarchyPath":[{"id":"1591691225905928","name":"Yksittäiset jäätelöt","slug":"pakasteet-1/jaatelot/yksittaiset-jaatelot","__typename":"HierarchyPathItem"},{"id":"Herkku_00000130","name":"Jäätelöt","slug":"pakasteet-1/jaatelot","__typename":"HierarchyPathItem"},{"id":"Herkku_00000013","name":"Pakasteet","slug":"pakasteet-1","__typename":"HierarchyPathItem"}],"isGlobalFallback":null,"countryName":{"fi":"Suomi","__typename":"CountryName"}},{"id":"6430064400715","ean":"6430064400715","name":"Aino Ihana maitosuklaa kermajäätelö kotipakkaus 530g/900ml","price":5.65,"storeId":725782447,"__typename":"Product","approxPrice":false,"basicQuantityUnit":"KPL","comparisonPrice":6.28,"comparisonUnit":"LTR","consumerPackageSize":null,"consumerPackageUnit":null,"priceUnit":"KPL","quantityMultiplier":1,"brandName":"Aino","slug":"aino-ihana-maitosuklaa-kermajaatelo-kotipakkaus-530g900ml","isAgeLimitedByAlcohol":false,"frozen":true,"packagingLabels":["Avainlippu"," Rainforest alliance certified (Sammakko-merkki)"],"packagingLabelCodes":["MADE_IN_FINLAND_FLAG_WITH_KEY"," RAINFOREST_ALLIANCE"],"hierarchyPath":[{"id":"1591691225905930","name":"Jäätelöpakkaukset","slug":"pakasteet-1/jaatelot/jaatelopakkaukset","__typename":"HierarchyPathItem"},{"id":"Herkku_00000130","name":"Jäätelöt","slug":"pakasteet-1/jaatelot","__typename":"HierarchyPathItem"},{"id":"Herkku_00000013","name":"Pakasteet","slug":"pakasteet-1","__typename":"HierarchyPathItem"}],"isGlobalFallback":null,"countryName":{"fi":"Suomi","__typename":"CountryName"}},{"id":"6430064400753","ean":"6430064400753","name":"Aino Karpalo&Kinuski Laktoositon kermajäätelö kotipakkaus  527g/900ml","price":6.25,"storeId":725782447,"__typename":"Product","approxPrice":false,"basicQuantityUnit":"KPL","comparisonPrice":6.94,"comparisonUnit":"LTR","consumerPackageSize":null,"consumerPackageUnit":null,"priceUnit":"KPL","quantityMultiplier":1,"brandName":"Aino","slug":"aino-karpaloandkinuski-laktoositon-kermajaatelo-kotipakkaus-527g900ml","isAgeLimitedByAlcohol":false,"frozen":true,"packagingLabels":["Avainlippu"],"packagingLabelCodes":["MADE_IN_FINLAND_FLAG_WITH_KEY"],"hierarchyPath":[{"id":"1591691225905930","name":"Jäätelöpakkaukset","slug":"pakasteet-1/jaatelot/jaatelopakkaukset","__typename":"HierarchyPathItem"},{"id":"Herkku_00000130","name":"Jäätelöt","slug":"pakasteet-1/jaatelot","__typename":"HierarchyPathItem"},{"id":"Herkku_00000013","name":"Pakasteet","slug":"pakasteet-1","__typename":"HierarchyPathItem"}],"isGlobalFallback":null,"countryName":{"fi":"Suomi","__typename":"CountryName"}},{"id":"6430064400777","ean":"6430064400777","name":"Aino Vadelmasuklaa kermajäätelö kotipakkaus 509g/900ml","price":5.65,"storeId":725782447,"__typename":"Product","approxPrice":false,"basicQuantityUnit":"KPL","comparisonPrice":6.28,"comparisonUnit":"LTR","consumerPackageSize":null,"consumerPackageUnit":null,"priceUnit":"KPL","quantityMultiplier":1,"brandName":"Aino","slug":"aino-vadelmasuklaa-kermajaatelo-kotipakkaus-509g900ml","isAgeLimitedByAlcohol":false,"frozen":true,"packagingLabels":["Avainlippu"," Rainforest alliance certified (Sammakko-merkki)"],"packagingLabelCodes":["MADE_IN_FINLAND_FLAG_WITH_KEY"," RAINFOREST_ALLIANCE"],"hierarchyPath":[{"id":"1591691225905930","name":"Jäätelöpakkaukset","slug":"pakasteet-1/jaatelot/jaatelopakkaukset","__typename":"HierarchyPathItem"},{"id":"Herkku_00000130","name":"Jäätelöt","slug":"pakasteet-1/jaatelot","__typename":"HierarchyPathItem"},{"id":"Herkku_00000013","name":"Pakasteet","slug":"pakasteet-1","__typename":"HierarchyPathItem"}],"isGlobalFallback":null,"countryName":{"fi":"Suomi","__typename":"CountryName"}},{"id":"6430064400883","ean":"6430064400883","name":"Pingviini Vanilja Laktoositon kermajäätelö kotipakkaus 1L/505g","price":2.99,"storeId":725782447,"__typename":"Product","approxPrice":false,"basicQuantityUnit":"KPL","comparisonPrice":2.99,"comparisonUnit":"LTR","consumerPackageSize":null,"consumerPackageUnit":null,"priceUnit":"KPL","quantityMultiplier":1,"brandName":"Pingviini","slug":"pingviini-vanilja-laktoositon-kermajaatelo-kotipakkaus-1l505g","isAgeLimitedByAlcohol":false,"frozen":true,"packagingLabels":["Avainlippu"],"packagingLabelCodes":["MADE_IN_FINLAND_FLAG_WITH_KEY"],"hierarchyPath":[{"id":"1591691225905930","name":"Jäätelöpakkaukset","slug":"pakasteet-1/jaatelot/jaatelopakkaukset","__typename":"HierarchyPathItem"},{"id":"Herkku_00000130","name":"Jäätelöt","slug":"pakasteet-1/jaatelot","__typename":"HierarchyPathItem"},{"id":"Herkku_00000013","name":"Pakasteet","slug":"pakasteet-1","__typename":"HierarchyPathItem"}],"isGlobalFallback":null,"countryName":{"fi":"Suomi","__typename":"CountryName"}},{"id":"6430064400890","ean":"6430064400890","name":"Pingviini Kuningatar Laktoositon kermajäätelö kotipakkaus 1L/536g","price":2.95,"storeId":725782447,"__typename":"Product","approxPrice":false,"basicQuantityUnit":"KPL","comparisonPrice":2.95,"comparisonUnit":"LTR","consumerPackageSize":null,"consumerPackageUnit":null,"priceUnit":"KPL","quantityMultiplier":1,"brandName":"Pingviini","slug":"pingviini-kuningatar-laktoositon-kermajaatelo-kotipakkaus-1l536g","isAgeLimitedByAlcohol":false,"frozen":true,"packagingLabels":["Avainlippu"],"packagingLabelCodes":["MADE_IN_FINLAND_FLAG_WITH_KEY"],"hierarchyPath":[{"id":"1591691225905930","name":"Jäätelöpakkaukset","slug":"pakasteet-1/jaatelot/jaatelopakkaukset","__typename":"HierarchyPathItem"},{"id":"Herkku_00000130","name":"Jäätelöt","slug":"pakasteet-1/jaatelot","__typename":"HierarchyPathItem"},{"id":"Herkku_00000013","name":"Pakasteet","slug":"pakasteet-1","__typename":"HierarchyPathItem"}],"isGlobalFallback":null,"countryName":{"fi":"Suomi","__typename":"CountryName"}},{"id":"6430064400982","ean":"6430064400982","name":"Fazer Ässä Mix limonadijääpuikko 90g/0.87dl","price":1.65,"storeId":725782447,"__typename":"Product","approxPrice":false,"basicQuantityUnit":"KPL","comparisonPrice":18.33,"comparisonUnit":"KGM","consumerPackageSize":null,"consumerPackageUnit":null,"priceUnit":"KPL","quantityMultiplier":1,"brandName":"Fazer","slug":"fazer-assa-mix-limonadijaapuikko-90g087dl","isAgeLimitedByAlcohol":false,"frozen":true,"packagingLabels":[],"packagingLabelCodes":[],"hierarchyPath":[{"id":"1591691225905928","name":"Yksittäiset jäätelöt","slug":"pakasteet-1/jaatelot/yksittaiset-jaatelot","__typename":"HierarchyPathItem"},{"id":"Herkku_00000130","name":"Jäätelöt","slug":"pakasteet-1/jaatelot","__typename":"HierarchyPathItem"},{"id":"Herkku_00000013","name":"Pakasteet","slug":"pakasteet-1","__typename":"HierarchyPathItem"}],"isGlobalFallback":null,"countryName":{"fi":"Suomi","__typename":"CountryName"}},{"id":"6430064401064","ean":"6430064401064","name":"Pingviini Suklaasydän jäätelötuutti 106g/190ml","price":1.55,"storeId":725782447,"__typename":"Product","approxPrice":false,"basicQuantityUnit":"KPL","comparisonPrice":14.62,"comparisonUnit":"KGM","consumerPackageSize":null,"consumerPackageUnit":null,"priceUnit":"KPL","quantityMultiplier":1,"brandName":"Pingviini","slug":"pingviini-suklaasydan-jaatelotuutti-106g190ml","isAgeLimitedByAlcohol":false,"frozen":true,"packagingLabels":["Avainlippu"],"packagingLabelCodes":["MADE_IN_FINLAND_FLAG_WITH_KEY"],"hierarchyPath":[{"id":"1591691225905928","name":"Yksittäiset jäätelöt","slug":"pakasteet-1/jaatelot/yksittaiset-jaatelot","__typename":"HierarchyPathItem"},{"id":"Herkku_00000130","name":"Jäätelöt","slug":"pakasteet-1/jaatelot","__typename":"HierarchyPathItem"},{"id":"Herkku_00000013","name":"Pakasteet","slug":"pakasteet-1","__typename":"HierarchyPathItem"}],"isGlobalFallback":null,"countryName":{"fi":"Suomi","__typename":"CountryName"}},{"id":"6430064401088","ean":"6430064401088","name":"Puffet Vanilja välipalajäätelö 62g/1,1dl","price":1.59,"storeId":725782447,"__typename":"Product","approxPrice":false,"basicQuantityUnit":"KPL","comparisonPrice":25.65,"comparisonUnit":"KGM","consumerPackageSize":null,"consumerPackageUnit":null,"priceUnit":"KPL","quantityMultiplier":1,"brandName":"Puffet","slug":"puffet-vanilja-valipalajaatelo-62g1-1dl","isAgeLimitedByAlcohol":false,"frozen":true,"packagingLabels":["Avainlippu"],"packagingLabelCodes":["MADE_IN_FINLAND_FLAG_WITH_KEY"],"hierarchyPath":[{"id":"1591691225905928","name":"Yksittäiset jäätelöt","slug":"pakasteet-1/jaatelot/yksittaiset-jaatelot","__typename":"HierarchyPathItem"},{"id":"Herkku_00000130","name":"Jäätelöt","slug":"pakasteet-1/jaatelot","__typename":"HierarchyPathItem"},{"id":"Herkku_00000013","name":"Pakasteet","slug":"pakasteet-1","__typename":"HierarchyPathItem"}],"isGlobalFallback":null,"countryName":{"fi":"Suomi","__typename":"CountryName"}},{"id":"6430064401095","ean":"6430064401095","name":"Puffet Minttu välipalajäätelö 62g/1,1dl","price":1.59,"storeId":725782447,"__typename":"Product","approxPrice":false,"basicQuantityUnit":"KPL","comparisonPrice":25.65,"comparisonUnit":"KGM","consumerPackageSize":null,"consumerPackageUnit":null,"priceUnit":"KPL","quantityMultiplier":1,"brandName":"Puffet","slug":"puffet-minttu-valipalajaatelo-62g1-1dl","isAgeLimitedByAlcohol":false,"frozen":true,"packagingLabels":["Avainlippu"],"packagingLabelCodes":["MADE_IN_FINLAND_FLAG_WITH_KEY"],"hierarchyPath":[{"id":"1591691225905928","name":"Yksittäiset jäätelöt","slug":"pakasteet-1/jaatelot/yksittaiset-jaatelot","__typename":"HierarchyPathItem"},{"id":"Herkku_00000130","name":"Jäätelöt","slug":"pakasteet-1/jaatelot","__typename":"HierarchyPathItem"},{"id":"Herkku_00000013","name":"Pakasteet","slug":"pakasteet-1","__typename":"HierarchyPathItem"}],"isGlobalFallback":null,"countryName":{"fi":"Suomi","__typename":"CountryName"}},{"id":"6430064401453","ean":"6430064401453","name":"Pingviini Vanilja kermajäätelö kotipakkaus 1L/495g","price":1.95,"storeId":725782447,"__typename":"Product","approxPrice":false,"basicQuantityUnit":"KPL","comparisonPrice":1.95,"comparisonUnit":"LTR","consumerPackageSize":null,"consumerPackageUnit":null,"priceUnit":"KPL","quantityMultiplier":1,"brandName":"Pingviini","slug":"pingviini-vanilja-kermajaatelo-kotipakkaus-1l495g","isAgeLimitedByAlcohol":false,"frozen":true,"packagingLabels":["Avainlippu"],"packagingLabelCodes":["MADE_IN_FINLAND_FLAG_WITH_KEY"],"hierarchyPath":[{"id":"1591691225905930","name":"Jäätelöpakkaukset","slug":"pakasteet-1/jaatelot/jaatelopakkaukset","__typename":"HierarchyPathItem"},{"id":"Herkku_00000130","name":"Jäätelöt","slug":"pakasteet-1/jaatelot","__typename":"HierarchyPathItem"},{"id":"Herkku_00000013","name":"Pakasteet","slug":"pakasteet-1","__typename":"HierarchyPathItem"}],"isGlobalFallback":null,"countryName":{"fi":"Suomi","__typename":"CountryName"}},{"id":"6430064401958","ean":"6430064401958","name":"Fazer Salmiakki kermajäätelöpuikko 72g/1.1dl","price":1.95,"storeId":725782447,"__typename":"Product","approxPrice":false,"basicQuantityUnit":"KPL","comparisonPrice":27.08,"comparisonUnit":"KGM","consumerPackageSize":null,"consumerPackageUnit":null,"priceUnit":"KPL","quantityMultiplier":1,"brandName":"Fazer","slug":"fazer-salmiakki-kermajaatelopuikko-72g11dl","isAgeLimitedByAlcohol":false,"frozen":true,"packagingLabels":[],"packagingLabelCodes":[],"hierarchyPath":[{"id":"1591691225905928","name":"Yksittäiset jäätelöt","slug":"pakasteet-1/jaatelot/yksittaiset-jaatelot","__typename":"HierarchyPathItem"},{"id":"Herkku_00000130","name":"Jäätelöt","slug":"pakasteet-1/jaatelot","__typename":"HierarchyPathItem"},{"id":"Herkku_00000013","name":"Pakasteet","slug":"pakasteet-1","__typename":"HierarchyPathItem"}],"isGlobalFallback":null,"countryName":{"fi":"Suomi","__typename":"CountryName"}},{"id":"6430064402023","ean":"6430064402023","name":"Pingviini Kuningatar Laktoositon jäätelötuutti 67g/110ml","price":1.39,"storeId":725782447,"__typename":"Product","approxPrice":false,"basicQuantityUnit":"KPL","comparisonPrice":20.75,"comparisonUnit":"KGM","consumerPackageSize":null,"consumerPackageUnit":null,"priceUnit":"KPL","quantityMultiplier":1,"brandName":"Pingviini","slug":"pingviini-kuningatar-laktoositon-jaatelotuutti-67g110ml","isAgeLimitedByAlcohol":false,"frozen":true,"packagingLabels":["Avainlippu"],"packagingLabelCodes":["MADE_IN_FINLAND_FLAG_WITH_KEY"],"hierarchyPath":[{"id":"1591691225905928","name":"Yksittäiset jäätelöt","slug":"pakasteet-1/jaatelot/yksittaiset-jaatelot","__typename":"HierarchyPathItem"},{"id":"Herkku_00000130","name":"Jäätelöt","slug":"pakasteet-1/jaatelot","__typename":"HierarchyPathItem"},{"id":"Herkku_00000013","name":"Pakasteet","slug":"pakasteet-1","__typename":"HierarchyPathItem"}],"isGlobalFallback":null,"countryName":{"fi":"Suomi","__typename":"CountryName"}},{"id":"6430064402047","ean":"6430064402047","name":"Pingviini Suklaapilvi Laktoositon jäätelötuutti 67g/110ml","price":1.39,"storeId":725782447,"__typename":"Product","approxPrice":false,"basicQuantityUnit":"KPL","comparisonPrice":20.75,"comparisonUnit":"KGM","consumerPackageSize":null,"consumerPackageUnit":null,"priceUnit":"KPL","quantityMultiplier":1,"brandName":"Pingviini","slug":"pingviini-suklaapilvi-laktoositon-jaatelotuutti-67g110ml","isAgeLimitedByAlcohol":false,"frozen":true,"packagingLabels":["Avainlippu"],"packagingLabelCodes":["MADE_IN_FINLAND_FLAG_WITH_KEY"],"hierarchyPath":[{"id":"1591691225905928","name":"Yksittäiset jäätelöt","slug":"pakasteet-1/jaatelot/yksittaiset-jaatelot","__typename":"HierarchyPathItem"},{"id":"Herkku_00000130","name":"Jäätelöt","slug":"pakasteet-1/jaatelot","__typename":"HierarchyPathItem"},{"id":"Herkku_00000013","name":"Pakasteet","slug":"pakasteet-1","__typename":"HierarchyPathItem"}],"isGlobalFallback":null,"countryName":{"fi":"Suomi","__typename":"CountryName"}},{"id":"6430064403495","ean":"6430064403495","name":"Fazer Premium Raspberry Yoghurt kermajäätelöpuikko 66g/94ml","price":1.95,"storeId":725782447,"__typename":"Product","approxPrice":false,"basicQuantityUnit":"KPL","comparisonPrice":29.55,"comparisonUnit":"KGM","consumerPackageSize":null,"consumerPackageUnit":null,"priceUnit":"KPL","quantityMultiplier":1,"brandName":"Fazer","slug":"fazer-premium-raspberry-yoghurt-kermajaatelopuikko-66g94ml","isAgeLimitedByAlcohol":false,"frozen":true,"packagingLabels":[],"packagingLabelCodes":[],"hierarchyPath":[{"id":"1591691225905928","name":"Yksittäiset jäätelöt","slug":"pakasteet-1/jaatelot/yksittaiset-jaatelot","__typename":"HierarchyPathItem"},{"id":"Herkku_00000130","name":"Jäätelöt","slug":"pakasteet-1/jaatelot","__typename":"HierarchyPathItem"},{"id":"Herkku_00000013","name":"Pakasteet","slug":"pakasteet-1","__typename":"HierarchyPathItem"}],"isGlobalFallback":null,"countryName":{"fi":"Suomi","__typename":"CountryName"}},{"id":"6430064403600","ean":"6430064403600","name":"Pingviini Lakritsi kermajäätelö kotipakkaus 1L/530g","price":2.35,"storeId":725782447,"__typename":"Product","approxPrice":false,"basicQuantityUnit":"KPL","comparisonPrice":2.35,"comparisonUnit":"LTR","consumerPackageSize":null,"consumerPackageUnit":null,"priceUnit":"KPL","quantityMultiplier":1,"brandName":"Pingviini","slug":"pingviini-lakritsi-kermajaatelo-kotipakkaus-1l530g","isAgeLimitedByAlcohol":false,"frozen":true,"packagingLabels":["Avainlippu"],"packagingLabelCodes":["MADE_IN_FINLAND_FLAG_WITH_KEY"],"hierarchyPath":[{"id":"1591691225905930","name":"Jäätelöpakkaukset","slug":"pakasteet-1/jaatelot/jaatelopakkaukset","__typename":"HierarchyPathItem"},{"id":"Herkku_00000130","name":"Jäätelöt","slug":"pakasteet-1/jaatelot","__typename":"HierarchyPathItem"},{"id":"Herkku_00000013","name":"Pakasteet","slug":"pakasteet-1","__typename":"HierarchyPathItem"}],"isGlobalFallback":null,"countryName":{"fi":"Suomi","__typename":"CountryName"}},{"id":"6430064403624","ean":"6430064403624","name":"Pingviini Suklaa-Nougat kermajäätelö kotipakkaus 1L/519g","price":2.35,"storeId":725782447,"__typename":"Product","approxPrice":false,"basicQuantityUnit":"KPL","comparisonPrice":2.35,"comparisonUnit":"LTR","consumerPackageSize":null,"consumerPackageUnit":null,"priceUnit":"KPL","quantityMultiplier":1,"brandName":"Pingviini","slug":"pingviini-suklaa-nougat-kermajaatelo-kotipakkaus-1l519g","isAgeLimitedByAlcohol":false,"frozen":true,"packagingLabels":["Avainlippu"],"packagingLabelCodes":["MADE_IN_FINLAND_FLAG_WITH_KEY"],"hierarchyPath":[{"id":"1591691225905930","name":"Jäätelöpakkaukset","slug":"pakasteet-1/jaatelot/jaatelopakkaukset","__typename":"HierarchyPathItem"},{"id":"Herkku_00000130","name":"Jäätelöt","slug":"pakasteet-1/jaatelot","__typename":"HierarchyPathItem"},{"id":"Herkku_00000013","name":"Pakasteet","slug":"pakasteet-1","__typename":"HierarchyPathItem"}],"isGlobalFallback":null,"countryName":{"fi":"Suomi","__typename":"CountryName"}},{"id":"6430064403648","ean":"6430064403648","name":"Pingviini Herkkutrio kermajäätelö kotipakkaus 1L/517g","price":2.35,"storeId":725782447,"__typename":"Product","approxPrice":false,"basicQuantityUnit":"KPL","comparisonPrice":2.35,"comparisonUnit":"LTR","consumerPackageSize":null,"consumerPackageUnit":null,"priceUnit":"KPL","quantityMultiplier":1,"brandName":"Pingviini","slug":"pingviini-herkkutrio-kermajaatelo-kotipakkaus-1l517g","isAgeLimitedByAlcohol":false,"frozen":true,"packagingLabels":["Avainlippu"],"packagingLabelCodes":["MADE_IN_FINLAND_FLAG_WITH_KEY"],"hierarchyPath":[{"id":"1591691225905930","name":"Jäätelöpakkaukset","slug":"pakasteet-1/jaatelot/jaatelopakkaukset","__typename":"HierarchyPathItem"},{"id":"Herkku_00000130","name":"Jäätelöt","slug":"pakasteet-1/jaatelot","__typename":"HierarchyPathItem"},{"id":"Herkku_00000013","name":"Pakasteet","slug":"pakasteet-1","__typename":"HierarchyPathItem"}],"isGlobalFallback":null,"countryName":{"fi":"Suomi","__typename":"CountryName"}},{"id":"6430064404744","ean":"6430064404744","name":"Pingviini Puikko Vanilja  laktoositon kermajäätelöpuikko 32g/57ml","price":0.95,"storeId":725782447,"__typename":"Product","approxPrice":false,"basicQuantityUnit":"KPL","comparisonPrice":29.69,"comparisonUnit":"KGM","consumerPackageSize":null,"consumerPackageUnit":null,"priceUnit":"KPL","quantityMultiplier":1,"brandName":"Pingviini","slug":"pingviini-puikko-vanilja-laktoositon-kermajaatelopuikko-32g57ml","isAgeLimitedByAlcohol":false,"frozen":true,"packagingLabels":["Avainlippu"," FSC-sertifikaatti (Forest Stewardship Council)"," Rainforest alliance certified (Sammakko-merkki)"],"packagingLabelCodes":["FOREST_STEWARDSHIP_COUNCIL_LABEL"," MADE_IN_FINLAND_FLAG_WITH_KEY"," RAINFOREST_ALLIANCE"],"hierarchyPath":[{"id":"1591691225905928","name":"Yksittäiset jäätelöt","slug":"pakasteet-1/jaatelot/yksittaiset-jaatelot","__typename":"HierarchyPathItem"},{"id":"Herkku_00000130","name":"Jäätelöt","slug":"pakasteet-1/jaatelot","__typename":"HierarchyPathItem"},{"id":"Herkku_00000013","name":"Pakasteet","slug":"pakasteet-1","__typename":"HierarchyPathItem"}],"isGlobalFallback":null,"countryName":{"fi":"Suomi","__typename":"CountryName"}},{"id":"6430064404775","ean":"6430064404775","name":"Pingviini Puikko laktoositon kermajäätelöpuikkolajitelma monipakkaus Trio 15x32g","price":4.55,"storeId":725782447,"__typename":"Product","approxPrice":false,"basicQuantityUnit":"KPL","comparisonPrice":9.48,"comparisonUnit":"KGM","consumerPackageSize":null,"consumerPackageUnit":null,"priceUnit":"KPL","quantityMultiplier":1,"brandName":"Pingviini","slug":"pingviini-puikko-laktoositon-kermajaatelopuikkolajitelma-monipakkaus-trio-15x32g","isAgeLimitedByAlcohol":false,"frozen":true,"packagingLabels":["Avainlippu"," FSC-sertifikaatti (Forest Stewardship Council)"," Rainforest alliance certified (Sammakko-merkki)"],"packagingLabelCodes":["FOREST_STEWARDSHIP_COUNCIL_LABEL"," MADE_IN_FINLAND_FLAG_WITH_KEY"," RAINFOREST_ALLIANCE"],"hierarchyPath":[{"id":"1591691225905930","name":"Jäätelöpakkaukset","slug":"pakasteet-1/jaatelot/jaatelopakkaukset","__typename":"HierarchyPathItem"},{"id":"Herkku_00000130","name":"Jäätelöt","slug":"pakasteet-1/jaatelot","__typename":"HierarchyPathItem"},{"id":"Herkku_00000013","name":"Pakasteet","slug":"pakasteet-1","__typename":"HierarchyPathItem"}],"isGlobalFallback":null,"countryName":{"fi":"Suomi","__typename":"CountryName"}},{"id":"6430064404805","ean":"6430064404805","name":"Aino Keksimuru Laktoositon kermajäätelö kotipakkaus  500g/900ml","price":6.25,"storeId":725782447,"__typename":"Product","approxPrice":false,"basicQuantityUnit":"KPL","comparisonPrice":6.94,"comparisonUnit":"LTR","consumerPackageSize":null,"consumerPackageUnit":null,"priceUnit":"KPL","quantityMultiplier":1,"brandName":"Aino","slug":"aino-keksimuru-laktoositon-kermajaatelo-kotipakkaus-500g900ml","isAgeLimitedByAlcohol":false,"frozen":true,"packagingLabels":["Avainlippu"," Rainforest alliance certified (Sammakko-merkki)"],"packagingLabelCodes":["MADE_IN_FINLAND_FLAG_WITH_KEY"," RAINFOREST_ALLIANCE"],"hierarchyPath":[{"id":"1591691225905930","name":"Jäätelöpakkaukset","slug":"pakasteet-1/jaatelot/jaatelopakkaukset","__typename":"HierarchyPathItem"},{"id":"Herkku_00000130","name":"Jäätelöt","slug":"pakasteet-1/jaatelot","__typename":"HierarchyPathItem"},{"id":"Herkku_00000013","name":"Pakasteet","slug":"pakasteet-1","__typename":"HierarchyPathItem"}],"isGlobalFallback":null,"countryName":{"fi":"Suomi","__typename":"CountryName"}},{"id":"6430064404959","ean":"6430064404959","name":"Pingviini Suklaa jäätelötuutti monipakkaus 8x67g","price":4.39,"storeId":725782447,"__typename":"Product","approxPrice":false,"basicQuantityUnit":"KPL","comparisonPrice":8.19,"comparisonUnit":"KGM","consumerPackageSize":null,"consumerPackageUnit":null,"priceUnit":"KPL","quantityMultiplier":1,"brandName":"Pingviini","slug":"pingviini-suklaa-jaatelotuutti-monipakkaus-8x67g","isAgeLimitedByAlcohol":false,"frozen":true,"packagingLabels":["Avainlippu"," Rainforest alliance certified (Sammakko-merkki)"],"packagingLabelCodes":["MADE_IN_FINLAND_FLAG_WITH_KEY"," RAINFOREST_ALLIANCE"],"hierarchyPath":[{"id":"1591691225905930","name":"Jäätelöpakkaukset","slug":"pakasteet-1/jaatelot/jaatelopakkaukset","__typename":"HierarchyPathItem"},{"id":"Herkku_00000130","name":"Jäätelöt","slug":"pakasteet-1/jaatelot","__typename":"HierarchyPathItem"},{"id":"Herkku_00000013","name":"Pakasteet","slug":"pakasteet-1","__typename":"HierarchyPathItem"}],"isGlobalFallback":null,"countryName":{"fi":"Suomi","__typename":"CountryName"}},{"id":"6430064405048","ean":"6430064405048","name":"Pingviini Mango-Mansikka Laktoositon kermajäätelö kotipakkaus 525g/1L","price":2.95,"storeId":725782447,"__typename":"Product","approxPrice":false,"basicQuantityUnit":"KPL","comparisonPrice":2.95,"comparisonUnit":"LTR","consumerPackageSize":null,"consumerPackageUnit":null,"priceUnit":"KPL","quantityMultiplier":1,"brandName":"Pingviini","slug":"pingviini-mango-mansikka-laktoositon-kermajaatelo-kotipakkaus-525g1l","isAgeLimitedByAlcohol":false,"frozen":true,"packagingLabels":["Avainlippu"],"packagingLabelCodes":["MADE_IN_FINLAND_FLAG_WITH_KEY"],"hierarchyPath":[{"id":"1591691225905930","name":"Jäätelöpakkaukset","slug":"pakasteet-1/jaatelot/jaatelopakkaukset","__typename":"HierarchyPathItem"},{"id":"Herkku_00000130","name":"Jäätelöt","slug":"pakasteet-1/jaatelot","__typename":"HierarchyPathItem"},{"id":"Herkku_00000013","name":"Pakasteet","slug":"pakasteet-1","__typename":"HierarchyPathItem"}],"isGlobalFallback":null,"countryName":{"fi":"Suomi","__typename":"CountryName"}},{"id":"6430064405079","ean":"6430064405079","name":"Classic Paahteinen Voi-Suolainen Karamelli kermajäätelöpuikko 64g/90ml","price":2.05,"storeId":725782447,"__typename":"Product","approxPrice":false,"basicQuantityUnit":"KPL","comparisonPrice":22.78,"comparisonUnit":"KGM","consumerPackageSize":null,"consumerPackageUnit":null,"priceUnit":"KPL","quantityMultiplier":1,"brandName":"Classic","slug":"classic-paahteinen-voi-suolainen-karamelli-kermajaatelopuikko-64g90ml","isAgeLimitedByAlcohol":false,"frozen":true,"packagingLabels":["Avainlippu"," FSC-sertifikaatti (Forest Stewardship Council)"],"packagingLabelCodes":["FOREST_STEWARDSHIP_COUNCIL_LABEL"," MADE_IN_FINLAND_FLAG_WITH_KEY"],"hierarchyPath":[{"id":"1591691225905928","name":"Yksittäiset jäätelöt","slug":"pakasteet-1/jaatelot/yksittaiset-jaatelot","__typename":"HierarchyPathItem"},{"id":"Herkku_00000130","name":"Jäätelöt","slug":"pakasteet-1/jaatelot","__typename":"HierarchyPathItem"},{"id":"Herkku_00000013","name":"Pakasteet","slug":"pakasteet-1","__typename":"HierarchyPathItem"}],"isGlobalFallback":null,"countryName":{"fi":"Suomi","__typename":"CountryName"}},{"id":"6430064405093","ean":"6430064405093","name":"Aino Kinuskisuklaahyve vegaaninen kaurajäätelö 508g/850ml","price":6.25,"storeId":725782447,"__typename":"Product","approxPrice":false,"basicQuantityUnit":"KPL","comparisonPrice":7.35,"comparisonUnit":"LTR","consumerPackageSize":null,"consumerPackageUnit":null,"priceUnit":"KPL","quantityMultiplier":1,"brandName":"Aino","slug":"aino-kinuskisuklaahyve-vegaaninen-kaurajaatelo-508g850ml","isAgeLimitedByAlcohol":false,"frozen":true,"packagingLabels":["Avainlippu"," European Vegetarian Union"],"packagingLabelCodes":["EUROPEAN_VEGETARIAN_UNION"," MADE_IN_FINLAND_FLAG_WITH_KEY"],"hierarchyPath":[{"id":"1591691225905930","name":"Jäätelöpakkaukset","slug":"pakasteet-1/jaatelot/jaatelopakkaukset","__typename":"HierarchyPathItem"},{"id":"Herkku_00000130","name":"Jäätelöt","slug":"pakasteet-1/jaatelot","__typename":"HierarchyPathItem"},{"id":"Herkku_00000013","name":"Pakasteet","slug":"pakasteet-1","__typename":"HierarchyPathItem"}],"isGlobalFallback":null,"countryName":{"fi":"Suomi","__typename":"CountryName"}},{"id":"6430064405154","ean":"6430064405154","name":"Aino Paahteinen voi fudge Kesyttömät maut kermajäätelö kotipakkaus 496g/900ml","price":6.25,"storeId":725782447,"__typename":"Product","approxPrice":false,"basicQuantityUnit":"KPL","comparisonPrice":6.94,"comparisonUnit":"LTR","consumerPackageSize":null,"consumerPackageUnit":null,"priceUnit":"KPL","quantityMultiplier":1,"brandName":"Aino","slug":"aino-paahteinen-voi-fudge-kesyttomat-maut-kermajaatelo-kotipakkaus-496g900ml","isAgeLimitedByAlcohol":false,"frozen":true,"packagingLabels":["Avainlippu"],"packagingLabelCodes":["MADE_IN_FINLAND_FLAG_WITH_KEY"],"hierarchyPath":[{"id":"1591691225905930","name":"Jäätelöpakkaukset","slug":"pakasteet-1/jaatelot/jaatelopakkaukset","__typename":"HierarchyPathItem"},{"id":"Herkku_00000130","name":"Jäätelöt","slug":"pakasteet-1/jaatelot","__typename":"HierarchyPathItem"},{"id":"Herkku_00000013","name":"Pakasteet","slug":"pakasteet-1","__typename":"HierarchyPathItem"}],"isGlobalFallback":null,"countryName":{"fi":"Suomi","__typename":"CountryName"}},{"id":"6430064405185","ean":"6430064405185","name":"Fazer Tyrkisk Peber Hot&Sour kermajäätelötuutti 104g/175ml","price":2.59,"storeId":725782447,"__typename":"Product","approxPrice":false,"basicQuantityUnit":"KPL","comparisonPrice":24.9,"comparisonUnit":"KGM","consumerPackageSize":null,"consumerPackageUnit":null,"priceUnit":"KPL","quantityMultiplier":1,"brandName":"Fazer","slug":"fazer-tyrkisk-peber-hotandsour-kermajaatelotuutti-104g175ml","isAgeLimitedByAlcohol":false,"frozen":true,"packagingLabels":[],"packagingLabelCodes":[],"hierarchyPath":[{"id":"1591691225905928","name":"Yksittäiset jäätelöt","slug":"pakasteet-1/jaatelot/yksittaiset-jaatelot","__typename":"HierarchyPathItem"},{"id":"Herkku_00000130","name":"Jäätelöt","slug":"pakasteet-1/jaatelot","__typename":"HierarchyPathItem"},{"id":"Herkku_00000013","name":"Pakasteet","slug":"pakasteet-1","__typename":"HierarchyPathItem"}],"isGlobalFallback":null,"countryName":{"fi":"Suomi","__typename":"CountryName"}},{"id":"6430064406199","ean":"6430064406199","name":"Pingviini Wanhan Ajan Vanilja & Karamelli kermajäätelöpuikko 40g/60ml","price":1.05,"storeId":725782447,"__typename":"Product","approxPrice":false,"basicQuantityUnit":"KPL","comparisonPrice":26.25,"comparisonUnit":"KGM","consumerPackageSize":null,"consumerPackageUnit":null,"priceUnit":"KPL","quantityMultiplier":1,"brandName":"Pingviini","slug":"pingviini-wanhan-ajan-vanilja-and-karamelli-kermajaatelopuikko-40g60ml","isAgeLimitedByAlcohol":false,"frozen":true,"packagingLabels":["Avainlippu"," FSC-sertifikaatti (Forest Stewardship Council)"],"packagingLabelCodes":["FOREST_STEWARDSHIP_COUNCIL_LABEL"," MADE_IN_FINLAND_FLAG_WITH_KEY"],"hierarchyPath":[{"id":"1591691225905928","name":"Yksittäiset jäätelöt","slug":"pakasteet-1/jaatelot/yksittaiset-jaatelot","__typename":"HierarchyPathItem"},{"id":"Herkku_00000130","name":"Jäätelöt","slug":"pakasteet-1/jaatelot","__typename":"HierarchyPathItem"},{"id":"Herkku_00000013","name":"Pakasteet","slug":"pakasteet-1","__typename":"HierarchyPathItem"}],"isGlobalFallback":null,"countryName":{"fi":"Suomi","__typename":"CountryName"}},{"id":"6430064406212","ean":"6430064406212","name":"Classic Valkosuklaa-Sitruuna kermajäätelöpuikko 74g/100ml","price":2.05,"storeId":725782447,"__typename":"Product","approxPrice":false,"basicQuantityUnit":"KPL","comparisonPrice":27.7,"comparisonUnit":"KGM","consumerPackageSize":null,"consumerPackageUnit":null,"priceUnit":"KPL","quantityMultiplier":1,"brandName":"Classic","slug":"classic-valkosuklaa-sitruuna-kermajaatelopuikko-74g100ml","isAgeLimitedByAlcohol":false,"frozen":true,"packagingLabels":["Avainlippu"," FSC-sertifikaatti (Forest Stewardship Council)"],"packagingLabelCodes":["FOREST_STEWARDSHIP_COUNCIL_LABEL"," MADE_IN_FINLAND_FLAG_WITH_KEY"],"hierarchyPath":[{"id":"1591691225905928","name":"Yksittäiset jäätelöt","slug":"pakasteet-1/jaatelot/yksittaiset-jaatelot","__typename":"HierarchyPathItem"},{"id":"Herkku_00000130","name":"Jäätelöt","slug":"pakasteet-1/jaatelot","__typename":"HierarchyPathItem"},{"id":"Herkku_00000013","name":"Pakasteet","slug":"pakasteet-1","__typename":"HierarchyPathItem"}],"isGlobalFallback":null,"countryName":{"fi":"Suomi","__typename":"CountryName"}},{"id":"6430064406595","ean":"6430064406595","name":"Classic Kerrossuklaa kermajäätelöpuikko 80g/100ml","price":2.05,"storeId":725782447,"__typename":"Product","approxPrice":false,"basicQuantityUnit":"KPL","comparisonPrice":25.62,"comparisonUnit":"KGM","consumerPackageSize":null,"consumerPackageUnit":null,"priceUnit":"KPL","quantityMultiplier":1,"brandName":"Classic","slug":"classic-kerrossuklaa-kermajaatelopuikko-80g100ml","isAgeLimitedByAlcohol":false,"frozen":true,"packagingLabels":["Avainlippu"," FSC-sertifikaatti (Forest Stewardship Council)"],"packagingLabelCodes":["FOREST_STEWARDSHIP_COUNCIL_LABEL"," MADE_IN_FINLAND_FLAG_WITH_KEY"],"hierarchyPath":[{"id":"1591691225905928","name":"Yksittäiset jäätelöt","slug":"pakasteet-1/jaatelot/yksittaiset-jaatelot","__typename":"HierarchyPathItem"},{"id":"Herkku_00000130","name":"Jäätelöt","slug":"pakasteet-1/jaatelot","__typename":"HierarchyPathItem"},{"id":"Herkku_00000013","name":"Pakasteet","slug":"pakasteet-1","__typename":"HierarchyPathItem"}],"isGlobalFallback":null,"countryName":{"fi":"Suomi","__typename":"CountryName"}},{"id":"6430064406632","ean":"6430064406632","name":"Classic Kermatoffee kermajäätelöpuikko 82g/100ml","price":2.05,"storeId":725782447,"__typename":"Product","approxPrice":false,"basicQuantityUnit":"KPL","comparisonPrice":25,"comparisonUnit":"KGM","consumerPackageSize":null,"consumerPackageUnit":null,"priceUnit":"KPL","quantityMultiplier":1,"brandName":"Classic","slug":"classic-kermatoffee-kermajaatelopuikko-82g100ml","isAgeLimitedByAlcohol":false,"frozen":true,"packagingLabels":["Avainlippu"," FSC-sertifikaatti (Forest Stewardship Council)"],"packagingLabelCodes":["FOREST_STEWARDSHIP_COUNCIL_LABEL"," MADE_IN_FINLAND_FLAG_WITH_KEY"],"hierarchyPath":[{"id":"1591691225905928","name":"Yksittäiset jäätelöt","slug":"pakasteet-1/jaatelot/yksittaiset-jaatelot","__typename":"HierarchyPathItem"},{"id":"Herkku_00000130","name":"Jäätelöt","slug":"pakasteet-1/jaatelot","__typename":"HierarchyPathItem"},{"id":"Herkku_00000013","name":"Pakasteet","slug":"pakasteet-1","__typename":"HierarchyPathItem"}],"isGlobalFallback":null,"countryName":{"fi":"Suomi","__typename":"CountryName"}},{"id":"6430064406878","ean":"6430064406878","name":"Aino Lakritsihyve vegaaninen kaurajäätelö 508g/850ml","price":6.25,"storeId":725782447,"__typename":"Product","approxPrice":false,"basicQuantityUnit":"KPL","comparisonPrice":6.94,"comparisonUnit":"LTR","consumerPackageSize":null,"consumerPackageUnit":null,"priceUnit":"KPL","quantityMultiplier":1,"brandName":"Aino","slug":"aino-lakritsihyve-vegaaninen-kaurajaatelo-508g850ml","isAgeLimitedByAlcohol":false,"frozen":true,"packagingLabels":["Avainlippu"," European Vegetarian Union"],"packagingLabelCodes":["EUROPEAN_VEGETARIAN_UNION"," MADE_IN_FINLAND_FLAG_WITH_KEY"],"hierarchyPath":[{"id":"1591691225905930","name":"Jäätelöpakkaukset","slug":"pakasteet-1/jaatelot/jaatelopakkaukset","__typename":"HierarchyPathItem"},{"id":"Herkku_00000130","name":"Jäätelöt","slug":"pakasteet-1/jaatelot","__typename":"HierarchyPathItem"},{"id":"Herkku_00000013","name":"Pakasteet","slug":"pakasteet-1","__typename":"HierarchyPathItem"}],"isGlobalFallback":null,"countryName":{"fi":"Suomi","__typename":"CountryName"}},{"id":"6430066202447","ean":"6430066202447","name":"RPS Brewcats Sucker Seltzer 5,0% 0,33 TLK","price":3.55,"storeId":725782447,"__typename":"Product","approxPrice":false,"basicQuantityUnit":"KPL","comparisonPrice":10.3,"comparisonUnit":"LTR","consumerPackageSize":null,"consumerPackageUnit":null,"priceUnit":"KPL","quantityMultiplier":1,"brandName":"RPS Brewing Oy","slug":"rps-brewcats-sucker-seltzer-5-0-0-33-tlk","isAgeLimitedByAlcohol":true,"frozen":false,"packagingLabels":[],"packagingLabelCodes":[],"hierarchyPath":[{"id":"Herkku_00000828","name":"Cocktailit, kevyt","slug":"juomat-1/alkoholijuomasekoitukset/cocktailit-kevyt","__typename":"HierarchyPathItem"},{"id":"Herkku_00000136","name":"Alkoholijuomasekoitukset","slug":"juomat-1/alkoholijuomasekoitukset","__typename":"HierarchyPathItem"},{"id":"Herkku_00000005","name":"Juomat","slug":"juomat-1","__typename":"HierarchyPathItem"}],"isGlobalFallback":null,"countryName":{"fi":"Suomi","__typename":"CountryName"}},{"id":"6430066380114","ean":"6430066380114","name":"Kotimainen Dagsmark koiran kuivaruoka LAPPI 2kg","price":12.9,"storeId":725782447,"__typename":"Product","approxPrice":false,"basicQuantityUnit":"KPL","comparisonPrice":6.45,"comparisonUnit":"KGM","consumerPackageSize":null,"consumerPackageUnit":null,"priceUnit":"KPL","quantityMultiplier":1,"brandName":"Dagsmark","slug":"kotimainen-dagsmark-koiran-kuivaruoka-lappi-2kg","isAgeLimitedByAlcohol":false,"frozen":false,"packagingLabels":["Avainlippu"],"packagingLabelCodes":["MADE_IN_FINLAND_FLAG_WITH_KEY"],"hierarchyPath":[{"id":"Herkku_00000539","name":"Koiran kuiva ruoka","slug":"lemmikit-1/koiranruoat/koiran-kuiva-ruoka","__typename":"HierarchyPathItem"},{"id":"Herkku_00000102","name":"Koiranruoat","slug":"lemmikit-1/koiranruoat","__typename":"HierarchyPathItem"},{"id":"Herkku_00000012","name":"Lemmikit","slug":"lemmikit-1","__typename":"HierarchyPathItem"}],"isGlobalFallback":null,"countryName":{"fi":"Suomi","__typename":"CountryName"}},{"id":"6430066382002","ean":"6430066382002","name":"Dagsmark Petfood LAPPI kana-peruna kastikkeessa 120 g","price":1.49,"storeId":725782447,"__typename":"Product","approxPrice":false,"basicQuantityUnit":"KPL","comparisonPrice":12.42,"comparisonUnit":"KGM","consumerPackageSize":null,"consumerPackageUnit":null,"priceUnit":"KPL","quantityMultiplier":1,"brandName":"Dagsmark","slug":"dagsmark-petfood-lappi-kana-peruna-kastikkeessa-120-g","isAgeLimitedByAlcohol":false,"frozen":false,"packagingLabels":[],"packagingLabelCodes":[],"hierarchyPath":[{"id":"Herkku_00000537","name":"Koiran kostea ruoka","slug":"lemmikit-1/koiranruoat/koiran-kostea-ruoka","__typename":"HierarchyPathItem"},{"id":"Herkku_00000102","name":"Koiranruoat","slug":"lemmikit-1/koiranruoat","__typename":"HierarchyPathItem"},{"id":"Herkku_00000012","name":"Lemmikit","slug":"lemmikit-1","__typename":"HierarchyPathItem"}],"isGlobalFallback":null,"countryName":{"fi":"Suomi","__typename":"CountryName"}},{"id":"6430066382040","ean":"6430066382040","name":"Dagsmark SAVO kana-kaura kastikkeessa 120 g","price":1.49,"storeId":725782447,"__typename":"Product","approxPrice":false,"basicQuantityUnit":"KPL","comparisonPrice":12.42,"comparisonUnit":"KGM","consumerPackageSize":null,"consumerPackageUnit":null,"priceUnit":"KPL","quantityMultiplier":1,"brandName":"Dagsmark","slug":"dagsmark-savo-kana-kaura-kastikkeessa-120-g","isAgeLimitedByAlcohol":false,"frozen":false,"packagingLabels":[],"packagingLabelCodes":[],"hierarchyPath":[{"id":"Herkku_00000537","name":"Koiran kostea ruoka","slug":"lemmikit-1/koiranruoat/koiran-kostea-ruoka","__typename":"HierarchyPathItem"},{"id":"Herkku_00000102","name":"Koiranruoat","slug":"lemmikit-1/koiranruoat","__typename":"HierarchyPathItem"},{"id":"Herkku_00000012","name":"Lemmikit","slug":"lemmikit-1","__typename":"HierarchyPathItem"}],"isGlobalFallback":null,"countryName":{"fi":"Suomi","__typename":"CountryName"}},{"id":"6430067844998","ean":"6430067844998","name":"Vire D3-vitamiinivalmiste sitruksenmakuinen purutabletti 120 tablettia / 24 g","price":3.95,"storeId":725782447,"__typename":"Product","approxPrice":false,"basicQuantityUnit":"KPL","comparisonPrice":0.03,"comparisonUnit":"PCE","consumerPackageSize":null,"consumerPackageUnit":null,"priceUnit":"KPL","quantityMultiplier":1,"brandName":"Vire","slug":"vire-d3-vitamiinivalmiste-sitruksenmakuinen-purutabletti-120-tablettia-24-g","isAgeLimitedByAlcohol":false,"frozen":false,"packagingLabels":[],"packagingLabelCodes":[],"hierarchyPath":[{"id":"Herkku_00001046","name":"D-vitamiinit","slug":"luontaistuotteet-ja-lisaravinteet-1/vitamiinit/d-vitamiinit","__typename":"HierarchyPathItem"},{"id":"Herkku_00000177","name":"Vitamiinit","slug":"luontaistuotteet-ja-lisaravinteet-1/vitamiinit","__typename":"HierarchyPathItem"},{"id":"Herkku_00000016","name":"Luontaistuotteet ja lisäravinteet","slug":"luontaistuotteet-ja-lisaravinteet-1","__typename":"HierarchyPathItem"}],"isGlobalFallback":null,"countryName":{"fi":"Suomi","__typename":"CountryName"}},{"id":"6430067845117","ean":"6430067845117","name":"Vire C-vitamiinivalmiste C-vitamiini 500 mg 90 tablettia / 52 g","price":5.95,"storeId":725782447,"__typename":"Product","approxPrice":false,"basicQuantityUnit":"KPL","comparisonPrice":0.07,"comparisonUnit":"PCE","consumerPackageSize":null,"consumerPackageUnit":null,"priceUnit":"KPL","quantityMultiplier":1,"brandName":"Vire","slug":"vire-c-vitamiinivalmiste-c-vitamiini-500-mg-90-tablettia-52-g","isAgeLimitedByAlcohol":false,"frozen":false,"packagingLabels":[],"packagingLabelCodes":[],"hierarchyPath":[{"id":"Herkku_00001042","name":"C-vitamiinit","slug":"luontaistuotteet-ja-lisaravinteet-1/vitamiinit/c-vitamiinit","__typename":"HierarchyPathItem"},{"id":"Herkku_00000177","name":"Vitamiinit","slug":"luontaistuotteet-ja-lisaravinteet-1/vitamiinit","__typename":"HierarchyPathItem"},{"id":"Herkku_00000016","name":"Luontaistuotteet ja lisäravinteet","slug":"luontaistuotteet-ja-lisaravinteet-1","__typename":"HierarchyPathItem"}],"isGlobalFallback":null,"countryName":{"fi":"Suomi","__typename":"CountryName"}},{"id":"6430067846282","ean":"6430067846282","name":"Leader Performance Protein Double Chocolate tuplasuklaanmakuinen proteiinipatukka 61 g","price":2.05,"storeId":725782447,"__typename":"Product","approxPrice":false,"basicQuantityUnit":"KPL","comparisonPrice":33.61,"comparisonUnit":"KGM","consumerPackageSize":null,"consumerPackageUnit":null,"priceUnit":"KPL","quantityMultiplier":1,"brandName":"Leader","slug":"leader-performance-protein-double-chocolate-tuplasuklaanmakuinen-proteiinipatukka-61-g","isAgeLimitedByAlcohol":false,"frozen":false,"packagingLabels":["Kierrätysmerkki"],"packagingLabelCodes":["RECYCLABLE_GENERAL_CLAIM"],"hierarchyPath":[{"id":"Herkku_00000979","name":"Proteiinipatukat","slug":"luontaistuotteet-ja-lisaravinteet-1/urheiluravinnepatukat/proteiinipatukat","__typename":"HierarchyPathItem"},{"id":"Herkku_00000159","name":"Urheiluravinnepatukat","slug":"luontaistuotteet-ja-lisaravinteet-1/urheiluravinnepatukat","__typename":"HierarchyPathItem"},{"id":"Herkku_00000016","name":"Luontaistuotteet ja lisäravinteet","slug":"luontaistuotteet-ja-lisaravinteet-1","__typename":"HierarchyPathItem"}],"isGlobalFallback":null,"countryName":{"fi":"Suomi","__typename":"CountryName"}},{"id":"6430067846626","ean":"6430067846626","name":"Leader Promour Choco Truffle & Orange proteiinipatukka suklaatryffelin ja appelsiinin makuinen 45 g","price":2.09,"storeId":725782447,"__typename":"Product","approxPrice":false,"basicQuantityUnit":"KPL","comparisonPrice":46.44,"comparisonUnit":"KGM","consumerPackageSize":null,"consumerPackageUnit":null,"priceUnit":"KPL","quantityMultiplier":1,"brandName":"Leader","slug":"leader-promour-choco-truffle-and-orange-proteiinipatukka-suklaatryffelin-ja-appelsiinin-makuinen-45-g","isAgeLimitedByAlcohol":false,"frozen":false,"packagingLabels":["Gluteeniton elintarvike (yliviivattu tähkä)"," Rainforest alliance certified (Sammakko-merkki)"," Vastuullisesti tuotettu palmuöljy (RSPO) sekoitettu"],"packagingLabelCodes":["CROSSED_GRAIN_SYMBOL"," RAINFOREST_ALLIANCE"," SUSTAINABLE_PALM_OIL_RSPO_MIXED"],"hierarchyPath":[{"id":"Herkku_00000979","name":"Proteiinipatukat","slug":"luontaistuotteet-ja-lisaravinteet-1/urheiluravinnepatukat/proteiinipatukat","__typename":"HierarchyPathItem"},{"id":"Herkku_00000159","name":"Urheiluravinnepatukat","slug":"luontaistuotteet-ja-lisaravinteet-1/urheiluravinnepatukat","__typename":"HierarchyPathItem"},{"id":"Herkku_00000016","name":"Luontaistuotteet ja lisäravinteet","slug":"luontaistuotteet-ja-lisaravinteet-1","__typename":"HierarchyPathItem"}],"isGlobalFallback":null,"countryName":{"fi":"Suomi","__typename":"CountryName"}},{"id":"6430067847746","ean":"6430067847746","name":"Leader Barebar marja-taatelipatukka Red berries 40 g","price":1.45,"storeId":725782447,"__typename":"Product","approxPrice":false,"basicQuantityUnit":"KPL","comparisonPrice":36.25,"comparisonUnit":"KGM","consumerPackageSize":null,"consumerPackageUnit":null,"priceUnit":"KPL","quantityMultiplier":1,"brandName":"Leader","slug":"leader-barebar-marja-taatelipatukka-red-berries-40-g","isAgeLimitedByAlcohol":false,"frozen":false,"packagingLabels":["Kierrätysmerkki"],"packagingLabelCodes":["RECYCLABLE_GENERAL_CLAIM"],"hierarchyPath":[{"id":"Herkku_00000978","name":"Energiapatukat","slug":"luontaistuotteet-ja-lisaravinteet-1/urheiluravinnepatukat/energiapatukat","__typename":"HierarchyPathItem"},{"id":"Herkku_00000159","name":"Urheiluravinnepatukat","slug":"luontaistuotteet-ja-lisaravinteet-1/urheiluravinnepatukat","__typename":"HierarchyPathItem"},{"id":"Herkku_00000016","name":"Luontaistuotteet ja lisäravinteet","slug":"luontaistuotteet-ja-lisaravinteet-1","__typename":"HierarchyPathItem"}],"isGlobalFallback":null,"countryName":{"fi":"Suomi","__typename":"CountryName"}},{"id":"6430067847760","ean":"6430067847760","name":"Leader Barebar marja-taatelipatukka Berry mix 40 g","price":1.45,"storeId":725782447,"__typename":"Product","approxPrice":false,"basicQuantityUnit":"KPL","comparisonPrice":36.25,"comparisonUnit":"KGM","consumerPackageSize":null,"consumerPackageUnit":null,"priceUnit":"KPL","quantityMultiplier":1,"brandName":"Leader","slug":"leader-barebar-marja-taatelipatukka-berry-mix-40-g","isAgeLimitedByAlcohol":false,"frozen":false,"packagingLabels":["Kierrätysmerkki"],"packagingLabelCodes":["RECYCLABLE_GENERAL_CLAIM"],"hierarchyPath":[{"id":"Herkku_00000978","name":"Energiapatukat","slug":"luontaistuotteet-ja-lisaravinteet-1/urheiluravinnepatukat/energiapatukat","__typename":"HierarchyPathItem"},{"id":"Herkku_00000159","name":"Urheiluravinnepatukat","slug":"luontaistuotteet-ja-lisaravinteet-1/urheiluravinnepatukat","__typename":"HierarchyPathItem"},{"id":"Herkku_00000016","name":"Luontaistuotteet ja lisäravinteet","slug":"luontaistuotteet-ja-lisaravinteet-1","__typename":"HierarchyPathItem"}],"isGlobalFallback":null,"countryName":{"fi":"Suomi","__typename":"CountryName"}},{"id":"6430068080654","ean":"6430068080654","name":"Vegem seitan tex-mex lastu 180g","price":3.39,"storeId":725782447,"__typename":"Product","approxPrice":false,"basicQuantityUnit":"KPL","comparisonPrice":18.83,"comparisonUnit":"KGM","consumerPackageSize":null,"consumerPackageUnit":null,"priceUnit":"KPL","quantityMultiplier":1,"brandName":"Vegem","slug":"vegem-seitan-tex-mex-lastu-180g","isAgeLimitedByAlcohol":false,"frozen":false,"packagingLabels":[],"packagingLabelCodes":[],"hierarchyPath":[{"id":"1591691245926574","name":"Kinkkusuikaleet ja lihapalat","slug":"liha-ja-kasviproteiinit-1/kinkut-ja-leikkeleet/kinkkusuikaleet-ja-lihapalat","__typename":"HierarchyPathItem"},{"id":"Herkku_00000156","name":"Kinkut ja leikkeleet","slug":"liha-ja-kasviproteiinit-1/kinkut-ja-leikkeleet","__typename":"HierarchyPathItem"},{"id":"Herkku_00000014","name":"Liha ja kasviproteiinit","slug":"liha-ja-kasviproteiinit-1","__typename":"HierarchyPathItem"}],"isGlobalFallback":null,"countryName":{"fi":"Suomi","__typename":"CountryName"}},{"id":"6430068080883","ean":"6430068080883","name":"Vegem vege pepperoni leikkele 100g","price":2.99,"storeId":725782447,"__typename":"Product","approxPrice":false,"basicQuantityUnit":"KPL","comparisonPrice":29.9,"comparisonUnit":"KGM","consumerPackageSize":null,"consumerPackageUnit":null,"priceUnit":"KPL","quantityMultiplier":1,"brandName":"Vegem","slug":"vegem-vege-pepperoni-leikkele-100g","isAgeLimitedByAlcohol":false,"frozen":false,"packagingLabels":[],"packagingLabelCodes":[],"hierarchyPath":[{"id":"1591691245926572","name":"Kasvipohjaiset leikkeleet","slug":"liha-ja-kasviproteiinit-1/kinkut-ja-leikkeleet/kasvipohjaiset-leikkeleet","__typename":"HierarchyPathItem"},{"id":"Herkku_00000156","name":"Kinkut ja leikkeleet","slug":"liha-ja-kasviproteiinit-1/kinkut-ja-leikkeleet","__typename":"HierarchyPathItem"},{"id":"Herkku_00000014","name":"Liha ja kasviproteiinit","slug":"liha-ja-kasviproteiinit-1","__typename":"HierarchyPathItem"}],"isGlobalFallback":null,"countryName":{"fi":"Suomi","__typename":"CountryName"}},{"id":"6430068080890","ean":"6430068080890","name":"Vegem vegesiipi 300g","price":5.69,"storeId":725782447,"__typename":"Product","approxPrice":false,"basicQuantityUnit":"KPL","comparisonPrice":18.97,"comparisonUnit":"KGM","consumerPackageSize":null,"consumerPackageUnit":null,"priceUnit":"KPL","quantityMultiplier":1,"brandName":"Vegem","slug":"vegem-vegesiipi-300g","isAgeLimitedByAlcohol":false,"frozen":false,"packagingLabels":[],"packagingLabelCodes":[],"hierarchyPath":[{"id":"1591691245926574","name":"Kinkkusuikaleet ja lihapalat","slug":"liha-ja-kasviproteiinit-1/kinkut-ja-leikkeleet/kinkkusuikaleet-ja-lihapalat","__typename":"HierarchyPathItem"},{"id":"Herkku_00000156","name":"Kinkut ja leikkeleet","slug":"liha-ja-kasviproteiinit-1/kinkut-ja-leikkeleet","__typename":"HierarchyPathItem"},{"id":"Herkku_00000014","name":"Liha ja kasviproteiinit","slug":"liha-ja-kasviproteiinit-1","__typename":"HierarchyPathItem"}],"isGlobalFallback":null,"countryName":{"fi":"Suomi","__typename":"CountryName"}},{"id":"6430068081019","ean":"6430068081019","name":"Vegem käsittämätön kebab 180g","price":3.39,"storeId":725782447,"__typename":"Product","approxPrice":false,"basicQuantityUnit":"KPL","comparisonPrice":18.83,"comparisonUnit":"KGM","consumerPackageSize":null,"consumerPackageUnit":null,"priceUnit":"KPL","quantityMultiplier":1,"brandName":"Vegem","slug":"vegem-kasittamaton-kebab-180g","isAgeLimitedByAlcohol":false,"frozen":false,"packagingLabels":[],"packagingLabelCodes":[],"hierarchyPath":[{"id":"1591691245926574","name":"Kinkkusuikaleet ja lihapalat","slug":"liha-ja-kasviproteiinit-1/kinkut-ja-leikkeleet/kinkkusuikaleet-ja-lihapalat","__typename":"HierarchyPathItem"},{"id":"Herkku_00000156","name":"Kinkut ja leikkeleet","slug":"liha-ja-kasviproteiinit-1/kinkut-ja-leikkeleet","__typename":"HierarchyPathItem"},{"id":"Herkku_00000014","name":"Liha ja kasviproteiinit","slug":"liha-ja-kasviproteiinit-1","__typename":"HierarchyPathItem"}],"isGlobalFallback":null,"countryName":{"fi":"Suomi","__typename":"CountryName"}},{"id":"6430069070548","ean":"6430069070548","name":"Vöner Original lastu 200g","price":4.75,"storeId":725782447,"__typename":"Product","approxPrice":false,"basicQuantityUnit":"KPL","comparisonPrice":23.75,"comparisonUnit":"KGM","consumerPackageSize":null,"consumerPackageUnit":null,"priceUnit":"KPL","quantityMultiplier":1,"brandName":"Vöner","slug":"voner-original-lastu-200g","isAgeLimitedByAlcohol":false,"frozen":false,"packagingLabels":["Avainlippu"],"packagingLabelCodes":["MADE_IN_FINLAND_FLAG_WITH_KEY"],"hierarchyPath":[{"id":"1591691245926574","name":"Kinkkusuikaleet ja lihapalat","slug":"liha-ja-kasviproteiinit-1/kinkut-ja-leikkeleet/kinkkusuikaleet-ja-lihapalat","__typename":"HierarchyPathItem"},{"id":"Herkku_00000156","name":"Kinkut ja leikkeleet","slug":"liha-ja-kasviproteiinit-1/kinkut-ja-leikkeleet","__typename":"HierarchyPathItem"},{"id":"Herkku_00000014","name":"Liha ja kasviproteiinit","slug":"liha-ja-kasviproteiinit-1","__typename":"HierarchyPathItem"}],"isGlobalFallback":null,"countryName":{"fi":"Suomi","__typename":"CountryName"}},{"id":"6430069586568","ean":"6430069586568","name":"PrimaCat Classic Siipikarjaa kastikkeessa 85 g","price":0.72,"storeId":725782447,"__typename":"Product","approxPrice":false,"basicQuantityUnit":"KPL","comparisonPrice":8.47,"comparisonUnit":"KGM","consumerPackageSize":null,"consumerPackageUnit":null,"priceUnit":"KPL","quantityMultiplier":1,"brandName":"PrimaCat","slug":"primacat-classic-siipikarjaa-kastikkeessa-85-g","isAgeLimitedByAlcohol":false,"frozen":false,"packagingLabels":[],"packagingLabelCodes":[],"hierarchyPath":[{"id":"Herkku_00000533","name":"Kissan kostea ruoka","slug":"lemmikit-1/kissanruoat/kissan-kostea-ruoka","__typename":"HierarchyPathItem"},{"id":"Herkku_00000101","name":"Kissanruoat","slug":"lemmikit-1/kissanruoat","__typename":"HierarchyPathItem"},{"id":"Herkku_00000012","name":"Lemmikit","slug":"lemmikit-1","__typename":"HierarchyPathItem"}],"isGlobalFallback":null,"countryName":{"fi":"Tšekki","__typename":"CountryName"}},{"id":"6430070650111","ean":"6430070650111","name":"The Good Guys Fresh Ginger Kombucha 350ml","price":3.69,"storeId":725782447,"__typename":"Product","approxPrice":false,"basicQuantityUnit":"KPL","comparisonPrice":10.26,"comparisonUnit":"LTR","consumerPackageSize":null,"consumerPackageUnit":null,"priceUnit":"KPL","quantityMultiplier":1,"brandName":"The Good Guys","slug":"the-good-guys-fresh-ginger-kombucha-350ml","isAgeLimitedByAlcohol":false,"frozen":false,"packagingLabels":["EU:n luomutunnus (lehti)"],"packagingLabelCodes":["EU_ORGANIC_FARMING"],"hierarchyPath":[{"id":"1591691224561853","name":"Hyvinvointijuomat","slug":"juomat-1/energiajuomat-ja-urheilujuomat/hyvinvointijuomat","__typename":"HierarchyPathItem"},{"id":"1591691224561833","name":"Energiajuomat ja urheilujuomat","slug":"juomat-1/energiajuomat-ja-urheilujuomat","__typename":"HierarchyPathItem"},{"id":"Herkku_00000005","name":"Juomat","slug":"juomat-1","__typename":"HierarchyPathItem"}],"isGlobalFallback":null,"countryName":{"fi":"Suomi","__typename":"CountryName"}},{"id":"6430070650135","ean":"6430070650135","name":"The Good Guys Strawberry & Basil Kombucha 350ml","price":3.69,"storeId":725782447,"__typename":"Product","approxPrice":false,"basicQuantityUnit":"KPL","comparisonPrice":10.26,"comparisonUnit":"LTR","consumerPackageSize":null,"consumerPackageUnit":null,"priceUnit":"KPL","quantityMultiplier":1,"brandName":"The Good Guys","slug":"the-good-guys-strawberry-and-basil-kombucha-350ml","isAgeLimitedByAlcohol":false,"frozen":false,"packagingLabels":["EU:n luomutunnus (lehti)"],"packagingLabelCodes":["EU_ORGANIC_FARMING"],"hierarchyPath":[{"id":"1591691224561853","name":"Hyvinvointijuomat","slug":"juomat-1/energiajuomat-ja-urheilujuomat/hyvinvointijuomat","__typename":"HierarchyPathItem"},{"id":"1591691224561833","name":"Energiajuomat ja urheilujuomat","slug":"juomat-1/energiajuomat-ja-urheilujuomat","__typename":"HierarchyPathItem"},{"id":"Herkku_00000005","name":"Juomat","slug":"juomat-1","__typename":"HierarchyPathItem"}],"isGlobalFallback":null,"countryName":{"fi":"Suomi","__typename":"CountryName"}},{"id":"6430070650166","ean":"6430070650166","name":"The Good Guys Grapefruit Hops kombucha 350ml","price":3.69,"storeId":725782447,"__typename":"Product","approxPrice":false,"basicQuantityUnit":"KPL","comparisonPrice":10.26,"comparisonUnit":"LTR","consumerPackageSize":null,"consumerPackageUnit":null,"priceUnit":"KPL","quantityMultiplier":1,"brandName":"The Good Guys","slug":"the-good-guys-grapefruit-hops-kombucha-350ml","isAgeLimitedByAlcohol":false,"frozen":false,"packagingLabels":["EU:n luomutunnus (lehti)"],"packagingLabelCodes":["EU_ORGANIC_FARMING"],"hierarchyPath":[{"id":"1591691224561853","name":"Hyvinvointijuomat","slug":"juomat-1/energiajuomat-ja-urheilujuomat/hyvinvointijuomat","__typename":"HierarchyPathItem"},{"id":"1591691224561833","name":"Energiajuomat ja urheilujuomat","slug":"juomat-1/energiajuomat-ja-urheilujuomat","__typename":"HierarchyPathItem"},{"id":"Herkku_00000005","name":"Juomat","slug":"juomat-1","__typename":"HierarchyPathItem"}],"isGlobalFallback":null,"countryName":{"fi":"Suomi","__typename":"CountryName"}},{"id":"6430070650173","ean":"6430070650173","name":"The Good Guys Villivadelma kombucha 350ml","price":3.69,"storeId":725782447,"__typename":"Product","approxPrice":false,"basicQuantityUnit":"KPL","comparisonPrice":10.26,"comparisonUnit":"LTR","consumerPackageSize":null,"consumerPackageUnit":null,"priceUnit":"KPL","quantityMultiplier":1,"brandName":"The Good Guys","slug":"the-good-guys-villivadelma-kombucha-350ml","isAgeLimitedByAlcohol":false,"frozen":false,"packagingLabels":["EU:n luomutunnus (lehti)"],"packagingLabelCodes":["EU_ORGANIC_FARMING"],"hierarchyPath":[{"id":"1591691224561853","name":"Hyvinvointijuomat","slug":"juomat-1/energiajuomat-ja-urheilujuomat/hyvinvointijuomat","__typename":"HierarchyPathItem"},{"id":"1591691224561833","name":"Energiajuomat ja urheilujuomat","slug":"juomat-1/energiajuomat-ja-urheilujuomat","__typename":"HierarchyPathItem"},{"id":"Herkku_00000005","name":"Juomat","slug":"juomat-1","__typename":"HierarchyPathItem"}],"isGlobalFallback":null,"countryName":{"fi":"Suomi","__typename":"CountryName"}},{"id":"6430070650227","ean":"6430070650227","name":"The Good Guys Tropical Rain Ketokombucha 350ml","price":3.69,"storeId":725782447,"__typename":"Product","approxPrice":false,"basicQuantityUnit":"KPL","comparisonPrice":10.26,"comparisonUnit":"LTR","consumerPackageSize":null,"consumerPackageUnit":null,"priceUnit":"KPL","quantityMultiplier":1,"brandName":"The Good Guys","slug":"the-good-guys-tropical-rain-ketokombucha-350ml","isAgeLimitedByAlcohol":false,"frozen":false,"packagingLabels":["EU:n luomutunnus (lehti)"],"packagingLabelCodes":["EU_ORGANIC_FARMING"],"hierarchyPath":[{"id":"1591691224561853","name":"Hyvinvointijuomat","slug":"juomat-1/energiajuomat-ja-urheilujuomat/hyvinvointijuomat","__typename":"HierarchyPathItem"},{"id":"1591691224561833","name":"Energiajuomat ja urheilujuomat","slug":"juomat-1/energiajuomat-ja-urheilujuomat","__typename":"HierarchyPathItem"},{"id":"Herkku_00000005","name":"Juomat","slug":"juomat-1","__typename":"HierarchyPathItem"}],"isGlobalFallback":null,"countryName":{"fi":"Suomi","__typename":"CountryName"}},{"id":"6430070650418","ean":"6430070650418","name":"The Good Guys Savusauna Kombucha 350ml","price":3.69,"storeId":725782447,"__typename":"Product","approxPrice":false,"basicQuantityUnit":"KPL","comparisonPrice":10.26,"comparisonUnit":"LTR","consumerPackageSize":null,"consumerPackageUnit":null,"priceUnit":"KPL","quantityMultiplier":1,"brandName":"The Good Guys","slug":"the-good-guys-savusauna-kombucha-350ml","isAgeLimitedByAlcohol":false,"frozen":false,"packagingLabels":["EU:n luomutunnus (lehti)"],"packagingLabelCodes":["EU_ORGANIC_FARMING"],"hierarchyPath":[{"id":"1591691224561853","name":"Hyvinvointijuomat","slug":"juomat-1/energiajuomat-ja-urheilujuomat/hyvinvointijuomat","__typename":"HierarchyPathItem"},{"id":"1591691224561833","name":"Energiajuomat ja urheilujuomat","slug":"juomat-1/energiajuomat-ja-urheilujuomat","__typename":"HierarchyPathItem"},{"id":"Herkku_00000005","name":"Juomat","slug":"juomat-1","__typename":"HierarchyPathItem"}],"isGlobalFallback":null,"countryName":{"fi":"Suomi","__typename":"CountryName"}},{"id":"6430075130021","ean":"6430075130021","name":"Herkku Classics ravunpyrstö-caesarsalaatti 220 g","price":6.59,"storeId":725782447,"__typename":"Product","approxPrice":false,"basicQuantityUnit":"KPL","comparisonPrice":29.95,"comparisonUnit":"KGM","consumerPackageSize":null,"consumerPackageUnit":null,"priceUnit":"KPL","quantityMultiplier":1,"brandName":"Herkku","slug":"herkku-classics-ravunpyrsto-caesarsalaatti-220-g","isAgeLimitedByAlcohol":false,"frozen":false,"packagingLabels":[],"packagingLabelCodes":[],"hierarchyPath":[{"id":"1591691237218097","name":"Salaattiateriat","slug":"valmisruoka-1/valmisateriat-ja-keitot/salaattiateriat","__typename":"HierarchyPathItem"},{"id":"1591691237074396","name":"Valmisateriat ja -keitot","slug":"valmisruoka-1/valmisateriat-ja-keitot","__typename":"HierarchyPathItem"},{"id":"StructureGroup_1356670909914497","name":"Valmisruoka","slug":"valmisruoka-1","__typename":"HierarchyPathItem"}],"isGlobalFallback":null,"countryName":{"fi":"Suomi","__typename":"CountryName"}},{"id":"6430075130038","ean":"6430075130038","name":"Herkku Classics Kananpoika-pesto-pastasalaatti 300g","price":6.59,"storeId":725782447,"__typename":"Product","approxPrice":false,"basicQuantityUnit":"KPL","comparisonPrice":21.97,"comparisonUnit":"KGM","consumerPackageSize":null,"consumerPackageUnit":null,"priceUnit":"KPL","quantityMultiplier":1,"brandName":"Herkku","slug":"herkku-classics-kananpoika-pesto-pastasalaatti-300g","isAgeLimitedByAlcohol":false,"frozen":false,"packagingLabels":[],"packagingLabelCodes":[],"hierarchyPath":[{"id":"1591691237218097","name":"Salaattiateriat","slug":"valmisruoka-1/valmisateriat-ja-keitot/salaattiateriat","__typename":"HierarchyPathItem"},{"id":"1591691237074396","name":"Valmisateriat ja -keitot","slug":"valmisruoka-1/valmisateriat-ja-keitot","__typename":"HierarchyPathItem"},{"id":"StructureGroup_1356670909914497","name":"Valmisruoka","slug":"valmisruoka-1","__typename":"HierarchyPathItem"}],"isGlobalFallback":null,"countryName":{"fi":"Suomi","__typename":"CountryName"}},{"id":"6430077230071","ean":"6430077230071","name":"Kirurginen suu-nenäsuojus Type IIR Sininen, 50 kpl Lifa Air","price":8.95,"storeId":725782447,"__typename":"Product","approxPrice":false,"basicQuantityUnit":"KPL","comparisonPrice":0.18,"comparisonUnit":"PCE","consumerPackageSize":null,"consumerPackageUnit":null,"priceUnit":"KPL","quantityMultiplier":1,"brandName":"Lifa Air","slug":"kirurginen-suu-nenasuojus-type-iir-sininen-50-kpl-lifa-air","isAgeLimitedByAlcohol":false,"frozen":false,"packagingLabels":[],"packagingLabelCodes":[],"hierarchyPath":[{"id":"1591691233832159","name":"Kasvomaskit","slug":"kosmetiikka-ja-hygienia/muut-kosmetiikka-ja-hygieniatuotteet/kasvomaskit","__typename":"HierarchyPathItem"},{"id":"1591691233832153","name":"Muut kosmetiikka ja hygieniatuotteet","slug":"kosmetiikka-ja-hygienia/muut-kosmetiikka-ja-hygieniatuotteet","__typename":"HierarchyPathItem"},{"id":"1591691233334707","name":"Kosmetiikka ja hygienia","slug":"kosmetiikka-ja-hygienia","__typename":"HierarchyPathItem"}],"isGlobalFallback":null,"countryName":{"fi":"Suomi","__typename":"CountryName"}},{"id":"6430077231115","ean":"6430077231115","name":"Kirurginen suu-nenäsuojus Type IIR  Sininen, 20 kpl Lifa Air","price":3.95,"storeId":725782447,"__typename":"Product","approxPrice":false,"basicQuantityUnit":"KPL","comparisonPrice":0.2,"comparisonUnit":"PCE","consumerPackageSize":null,"consumerPackageUnit":null,"priceUnit":"KPL","quantityMultiplier":1,"brandName":"Lifa Air","slug":"kirurginen-suu-nenasuojus-type-iir-sininen-20-kpl-lifa-air","isAgeLimitedByAlcohol":false,"frozen":false,"packagingLabels":[],"packagingLabelCodes":[],"hierarchyPath":[{"id":"1591691233832159","name":"Kasvomaskit","slug":"kosmetiikka-ja-hygienia/muut-kosmetiikka-ja-hygieniatuotteet/kasvomaskit","__typename":"HierarchyPathItem"},{"id":"1591691233832153","name":"Muut kosmetiikka ja hygieniatuotteet","slug":"kosmetiikka-ja-hygienia/muut-kosmetiikka-ja-hygieniatuotteet","__typename":"HierarchyPathItem"},{"id":"1591691233334707","name":"Kosmetiikka ja hygienia","slug":"kosmetiikka-ja-hygienia","__typename":"HierarchyPathItem"}],"isGlobalFallback":null,"countryName":{"fi":"Suomi","__typename":"CountryName"}},{"id":"6430077240209","ean":"6430077240209","name":"Nature Line puukuituhaarukka 20 kpl, valmistettu uusiutuvista raaka-aineista, uudelleenkäytettävä","price":2.27,"storeId":725782447,"__typename":"Product","approxPrice":false,"basicQuantityUnit":"KPL","comparisonPrice":0.11,"comparisonUnit":"PCE","consumerPackageSize":null,"consumerPackageUnit":null,"priceUnit":"KPL","quantityMultiplier":1,"brandName":"Nature Line","slug":"nature-line-puukuituhaarukka-20-kpl-valmistettu-uusiutuvista-raaka-aineista-uudelleenkaytettava","isAgeLimitedByAlcohol":false,"frozen":false,"packagingLabels":[],"packagingLabelCodes":[],"hierarchyPath":[{"id":"1591691234089644","name":"Kertakäyttöaterimet","slug":"keittio-ja-kattaus/kattaustarvikkeet/kertakayttoaterimet","__typename":"HierarchyPathItem"},{"id":"1591691234089638","name":"Kattaustarvikkeet","slug":"keittio-ja-kattaus/kattaustarvikkeet","__typename":"HierarchyPathItem"},{"id":"1591691234054950","name":"Keittiö ja kattaus","slug":"keittio-ja-kattaus","__typename":"HierarchyPathItem"}],"isGlobalFallback":null,"countryName":{"fi":"Suomi","__typename":"CountryName"}},{"id":"6430077240216","ean":"6430077240216","name":"Nature Line puukuituveitsi 20 kpl, valmistettu uusiutuvista raaka-aineista, uudelleenkäytettävä","price":2.27,"storeId":725782447,"__typename":"Product","approxPrice":false,"basicQuantityUnit":"KPL","comparisonPrice":0.11,"comparisonUnit":"PCE","consumerPackageSize":null,"consumerPackageUnit":null,"priceUnit":"KPL","quantityMultiplier":1,"brandName":"Nature Line","slug":"nature-line-puukuituveitsi-20-kpl-valmistettu-uusiutuvista-raaka-aineista-uudelleenkaytettava","isAgeLimitedByAlcohol":false,"frozen":false,"packagingLabels":[],"packagingLabelCodes":[],"hierarchyPath":[{"id":"1591691234089644","name":"Kertakäyttöaterimet","slug":"keittio-ja-kattaus/kattaustarvikkeet/kertakayttoaterimet","__typename":"HierarchyPathItem"},{"id":"1591691234089638","name":"Kattaustarvikkeet","slug":"keittio-ja-kattaus/kattaustarvikkeet","__typename":"HierarchyPathItem"},{"id":"1591691234054950","name":"Keittiö ja kattaus","slug":"keittio-ja-kattaus","__typename":"HierarchyPathItem"}],"isGlobalFallback":null,"countryName":{"fi":"Suomi","__typename":"CountryName"}},{"id":"6430077240223","ean":"6430077240223","name":"Nature Line puukuituruokalusikka 20 kpl, valmistettu uusiutuvista raaka-aineista, uudelleenkäytettävä","price":2.27,"storeId":725782447,"__typename":"Product","approxPrice":false,"basicQuantityUnit":"KPL","comparisonPrice":0.11,"comparisonUnit":"PCE","consumerPackageSize":null,"consumerPackageUnit":null,"priceUnit":"KPL","quantityMultiplier":1,"brandName":"Nature Line","slug":"nature-line-puukuituruokalusikka-20-kpl-valmistettu-uusiutuvista-raaka-aineista-uudelleenkaytettava","isAgeLimitedByAlcohol":false,"frozen":false,"packagingLabels":[],"packagingLabelCodes":[],"hierarchyPath":[{"id":"1591691234089644","name":"Kertakäyttöaterimet","slug":"keittio-ja-kattaus/kattaustarvikkeet/kertakayttoaterimet","__typename":"HierarchyPathItem"},{"id":"1591691234089638","name":"Kattaustarvikkeet","slug":"keittio-ja-kattaus/kattaustarvikkeet","__typename":"HierarchyPathItem"},{"id":"1591691234054950","name":"Keittiö ja kattaus","slug":"keittio-ja-kattaus","__typename":"HierarchyPathItem"}],"isGlobalFallback":null,"countryName":{"fi":"Suomi","__typename":"CountryName"}},{"id":"6430077240230","ean":"6430077240230","name":"Nature Line puukuitukahvilusikka 25 kpl, valmistettu uusiutuvista raaka-aineista, uudelleenkäytettävä","price":2.27,"storeId":725782447,"__typename":"Product","approxPrice":false,"basicQuantityUnit":"KPL","comparisonPrice":0.09,"comparisonUnit":"PCE","consumerPackageSize":null,"consumerPackageUnit":null,"priceUnit":"KPL","quantityMultiplier":1,"brandName":"Nature Line","slug":"nature-line-puukuitukahvilusikka-25-kpl-valmistettu-uusiutuvista-raaka-aineista-uudelleenkaytettava","isAgeLimitedByAlcohol":false,"frozen":false,"packagingLabels":[],"packagingLabelCodes":[],"hierarchyPath":[{"id":"1591691234089644","name":"Kertakäyttöaterimet","slug":"keittio-ja-kattaus/kattaustarvikkeet/kertakayttoaterimet","__typename":"HierarchyPathItem"},{"id":"1591691234089638","name":"Kattaustarvikkeet","slug":"keittio-ja-kattaus/kattaustarvikkeet","__typename":"HierarchyPathItem"},{"id":"1591691234054950","name":"Keittiö ja kattaus","slug":"keittio-ja-kattaus","__typename":"HierarchyPathItem"}],"isGlobalFallback":null,"countryName":{"fi":"Suomi","__typename":"CountryName"}},{"id":"6430077243033","ean":"6430077243033","name":"Nature Line uudelleenkäytettävä puukuituhaarukka-veitsi setti, 1+1kpl","price":0.35,"storeId":725782447,"__typename":"Product","approxPrice":false,"basicQuantityUnit":"KPL","comparisonPrice":0.18,"comparisonUnit":"PCE","consumerPackageSize":null,"consumerPackageUnit":null,"priceUnit":"KPL","quantityMultiplier":1,"brandName":"NATURELINE","slug":"nature-line-uudelleenkaytettava-puukuituhaarukka-veitsi-setti-11kpl","isAgeLimitedByAlcohol":false,"frozen":false,"packagingLabels":[],"packagingLabelCodes":[],"hierarchyPath":[{"id":"1591691234089644","name":"Kertakäyttöaterimet","slug":"keittio-ja-kattaus/kattaustarvikkeet/kertakayttoaterimet","__typename":"HierarchyPathItem"},{"id":"1591691234089638","name":"Kattaustarvikkeet","slug":"keittio-ja-kattaus/kattaustarvikkeet","__typename":"HierarchyPathItem"},{"id":"1591691234054950","name":"Keittiö ja kattaus","slug":"keittio-ja-kattaus","__typename":"HierarchyPathItem"}],"isGlobalFallback":null,"countryName":{"fi":"Suomi","__typename":"CountryName"}},{"id":"6430078142960","ean":"6430078142960","name":"Fallero Paahdettu Punajuuri Härkäpapufalafel 210g","price":3.25,"storeId":725782447,"__typename":"Product","approxPrice":false,"basicQuantityUnit":"KPL","comparisonPrice":15.48,"comparisonUnit":"KGM","consumerPackageSize":null,"consumerPackageUnit":null,"priceUnit":"KPL","quantityMultiplier":1,"brandName":"FALLERO","slug":"fallero-paahdettu-punajuuri-harkapapufalafel-210g","isAgeLimitedByAlcohol":false,"frozen":false,"packagingLabels":["Hyvää Suomesta (Sininen Joutsen)"],"packagingLabelCodes":["GOODS_FROM_FINLAND_BLUE_SWAN"],"hierarchyPath":[{"id":"1591691237074406","name":"Pyörykät","slug":"valmisruoka-1/pyorykat-pihvit-ja-ohukaiset/pyorykat","__typename":"HierarchyPathItem"},{"id":"1591691237074393","name":"Pyörykät, pihvit ja ohukaiset","slug":"valmisruoka-1/pyorykat-pihvit-ja-ohukaiset","__typename":"HierarchyPathItem"},{"id":"StructureGroup_1356670909914497","name":"Valmisruoka","slug":"valmisruoka-1","__typename":"HierarchyPathItem"}],"isGlobalFallback":null,"countryName":{"fi":"Suomi","__typename":"CountryName"}},{"id":"6430078146388","ean":"6430078146388","name":"FalaBros FalaPala suupala hummusta – Yrttimix 140 g","price":2.19,"storeId":725782447,"__typename":"Product","approxPrice":false,"basicQuantityUnit":"KPL","comparisonPrice":15.64,"comparisonUnit":"KGM","consumerPackageSize":null,"consumerPackageUnit":null,"priceUnit":"KPL","quantityMultiplier":1,"brandName":"FalaBros","slug":"falabros-falapala-suupala-hummusta-yrttimix-140-g","isAgeLimitedByAlcohol":false,"frozen":false,"packagingLabels":[],"packagingLabelCodes":[],"hierarchyPath":[{"id":"1591691237300198","name":"Muu valmisruoka","slug":"valmisruoka-1/valmisateriat-ja-keitot/muu-valmisruoka","__typename":"HierarchyPathItem"},{"id":"1591691237074396","name":"Valmisateriat ja -keitot","slug":"valmisruoka-1/valmisateriat-ja-keitot","__typename":"HierarchyPathItem"},{"id":"StructureGroup_1356670909914497","name":"Valmisruoka","slug":"valmisruoka-1","__typename":"HierarchyPathItem"}],"isGlobalFallback":null,"countryName":{"fi":"Suomi","__typename":"CountryName"}},{"id":"6430104920104","ean":"6430104920104","name":"Apetit Vihannessekoitus pakaste 250 g","price":0.79,"storeId":725782447,"__typename":"Product","approxPrice":false,"basicQuantityUnit":"KPL","comparisonPrice":3.16,"comparisonUnit":"KGM","consumerPackageSize":null,"consumerPackageUnit":null,"priceUnit":"KPL","quantityMultiplier":1,"brandName":"Apetit","slug":"apetit-vihannessekoitus-pakaste-250-g","isAgeLimitedByAlcohol":false,"frozen":true,"packagingLabels":["Hyvää Suomesta (Sininen Joutsen)"],"packagingLabelCodes":["GOODS_FROM_FINLAND_BLUE_SWAN"],"hierarchyPath":[{"id":"1591691225905745","name":"Kasvissekoitukset","slug":"pakasteet-1/kasvispakasteet/kasvissekoitukset","__typename":"HierarchyPathItem"},{"id":"Herkku_00000132","name":"Kasvispakasteet","slug":"pakasteet-1/kasvispakasteet","__typename":"HierarchyPathItem"},{"id":"Herkku_00000013","name":"Pakasteet","slug":"pakasteet-1","__typename":"HierarchyPathItem"}],"isGlobalFallback":null,"countryName":{"fi":"Suomi","__typename":"CountryName"}},{"id":"6430104920203","ean":"6430104920203","name":"Apetit Kotimainen Keittojuures pakaste 200g","price":0.75,"storeId":725782447,"__typename":"Product","approxPrice":false,"basicQuantityUnit":"KPL","comparisonPrice":3.75,"comparisonUnit":"KGM","consumerPackageSize":null,"consumerPackageUnit":null,"priceUnit":"KPL","quantityMultiplier":1,"brandName":"Apetit","slug":"apetit-kotimainen-keittojuures-pakaste-200g","isAgeLimitedByAlcohol":false,"frozen":true,"packagingLabels":["Hyvää Suomesta (Sininen Joutsen)"],"packagingLabelCodes":["GOODS_FROM_FINLAND_BLUE_SWAN"],"hierarchyPath":[{"id":"1591691225905745","name":"Kasvissekoitukset","slug":"pakasteet-1/kasvispakasteet/kasvissekoitukset","__typename":"HierarchyPathItem"},{"id":"Herkku_00000132","name":"Kasvispakasteet","slug":"pakasteet-1/kasvispakasteet","__typename":"HierarchyPathItem"},{"id":"Herkku_00000013","name":"Pakasteet","slug":"pakasteet-1","__typename":"HierarchyPathItem"}],"isGlobalFallback":null,"countryName":{"fi":"Suomi","__typename":"CountryName"}},{"id":"6430104920241","ean":"6430104920241","name":"Apetit 200g Kotimainen Luomu Keittojuures ilman selleriä pakaste","price":0.95,"storeId":725782447,"__typename":"Product","approxPrice":false,"basicQuantityUnit":"KPL","comparisonPrice":4.75,"comparisonUnit":"KGM","consumerPackageSize":null,"consumerPackageUnit":null,"priceUnit":"KPL","quantityMultiplier":1,"brandName":"Apetit","slug":"apetit-200g-kotimainen-luomu-keittojuures-ilman-selleria-pakaste","isAgeLimitedByAlcohol":false,"frozen":true,"packagingLabels":["EU:n luomutunnus (lehti)"," Hyvää Suomesta (Sininen Joutsen)"],"packagingLabelCodes":["EU_ORGANIC_FARMING"," GOODS_FROM_FINLAND_BLUE_SWAN"],"hierarchyPath":[{"id":"1591691225905745","name":"Kasvissekoitukset","slug":"pakasteet-1/kasvispakasteet/kasvissekoitukset","__typename":"HierarchyPathItem"},{"id":"Herkku_00000132","name":"Kasvispakasteet","slug":"pakasteet-1/kasvispakasteet","__typename":"HierarchyPathItem"},{"id":"Herkku_00000013","name":"Pakasteet","slug":"pakasteet-1","__typename":"HierarchyPathItem"}],"isGlobalFallback":null,"countryName":{"fi":"Suomi","__typename":"CountryName"}},{"id":"6430104920302","ean":"6430104920302","name":"Apetit Herne-maissi-paprika pakaste 200g","price":0.99,"storeId":725782447,"__typename":"Product","approxPrice":false,"basicQuantityUnit":"KPL","comparisonPrice":4.95,"comparisonUnit":"KGM","consumerPackageSize":null,"consumerPackageUnit":null,"priceUnit":"KPL","quantityMultiplier":1,"brandName":"Apetit","slug":"apetit-herne-maissi-paprika-pakaste-200g","isAgeLimitedByAlcohol":false,"frozen":true,"packagingLabels":[],"packagingLabelCodes":[],"hierarchyPath":[{"id":"1591691225905745","name":"Kasvissekoitukset","slug":"pakasteet-1/kasvispakasteet/kasvissekoitukset","__typename":"HierarchyPathItem"},{"id":"Herkku_00000132","name":"Kasvispakasteet","slug":"pakasteet-1/kasvispakasteet","__typename":"HierarchyPathItem"},{"id":"Herkku_00000013","name":"Pakasteet","slug":"pakasteet-1","__typename":"HierarchyPathItem"}],"isGlobalFallback":null,"countryName":{"fi":"Suomi","__typename":"CountryName"}},{"id":"6430104920401","ean":"6430104920401","name":"Apetit Kotimainen Herne pakaste 200g","price":0.99,"storeId":725782447,"__typename":"Product","approxPrice":false,"basicQuantityUnit":"KPL","comparisonPrice":4.95,"comparisonUnit":"KGM","consumerPackageSize":null,"consumerPackageUnit":null,"priceUnit":"KPL","quantityMultiplier":1,"brandName":"Apetit","slug":"apetit-kotimainen-herne-pakaste-200g","isAgeLimitedByAlcohol":false,"frozen":true,"packagingLabels":["Hyvää Suomesta (Sininen Joutsen)"],"packagingLabelCodes":["GOODS_FROM_FINLAND_BLUE_SWAN"],"hierarchyPath":[{"id":"1591691225905747","name":"Yksittäiset kasvikset","slug":"pakasteet-1/kasvispakasteet/yksittaiset-kasvikset","__typename":"HierarchyPathItem"},{"id":"Herkku_00000132","name":"Kasvispakasteet","slug":"pakasteet-1/kasvispakasteet","__typename":"HierarchyPathItem"},{"id":"Herkku_00000013","name":"Pakasteet","slug":"pakasteet-1","__typename":"HierarchyPathItem"}],"isGlobalFallback":null,"countryName":{"fi":"Suomi","__typename":"CountryName"}},{"id":"6430104920555","ean":"6430104920555","name":"Apetit Suikalejuurekset pakaste 180g","price":0.99,"storeId":725782447,"__typename":"Product","approxPrice":false,"basicQuantityUnit":"KPL","comparisonPrice":5.5,"comparisonUnit":"KGM","consumerPackageSize":null,"consumerPackageUnit":null,"priceUnit":"KPL","quantityMultiplier":1,"brandName":"Apetit","slug":"apetit-suikalejuurekset-pakaste-180g","isAgeLimitedByAlcohol":false,"frozen":true,"packagingLabels":["Hyvää Suomesta (Sininen Joutsen)"],"packagingLabelCodes":["GOODS_FROM_FINLAND_BLUE_SWAN"],"hierarchyPath":[{"id":"1591691225905745","name":"Kasvissekoitukset","slug":"pakasteet-1/kasvispakasteet/kasvissekoitukset","__typename":"HierarchyPathItem"},{"id":"Herkku_00000132","name":"Kasvispakasteet","slug":"pakasteet-1/kasvispakasteet","__typename":"HierarchyPathItem"},{"id":"Herkku_00000013","name":"Pakasteet","slug":"pakasteet-1","__typename":"HierarchyPathItem"}],"isGlobalFallback":null,"countryName":{"fi":"Suomi","__typename":"CountryName"}},{"id":"6430104920609","ean":"6430104920609","name":"Apetit Kasvissuikaleet pakaste 250g","price":1.25,"storeId":725782447,"__typename":"Product","approxPrice":false,"basicQuantityUnit":"KPL","comparisonPrice":5,"comparisonUnit":"KGM","consumerPackageSize":null,"consumerPackageUnit":null,"priceUnit":"KPL","quantityMultiplier":1,"brandName":"Apetit","slug":"apetit-kasvissuikaleet-pakaste-250g","isAgeLimitedByAlcohol":false,"frozen":true,"packagingLabels":["Hyvää Suomesta (Sininen Joutsen)"],"packagingLabelCodes":["GOODS_FROM_FINLAND_BLUE_SWAN"],"hierarchyPath":[{"id":"1591691225905745","name":"Kasvissekoitukset","slug":"pakasteet-1/kasvispakasteet/kasvissekoitukset","__typename":"HierarchyPathItem"},{"id":"Herkku_00000132","name":"Kasvispakasteet","slug":"pakasteet-1/kasvispakasteet","__typename":"HierarchyPathItem"},{"id":"Herkku_00000013","name":"Pakasteet","slug":"pakasteet-1","__typename":"HierarchyPathItem"}],"isGlobalFallback":null,"countryName":{"fi":"Suomi","__typename":"CountryName"}},{"id":"6430104920807","ean":"6430104920807","name":"Apetit Vihreitä papuja paloina pakaste 200g","price":1.09,"storeId":725782447,"__typename":"Product","approxPrice":false,"basicQuantityUnit":"KPL","comparisonPrice":5.45,"comparisonUnit":"KGM","consumerPackageSize":null,"consumerPackageUnit":null,"priceUnit":"KPL","quantityMultiplier":1,"brandName":"Apetit","slug":"apetit-vihreita-papuja-paloina-pakaste-200g","isAgeLimitedByAlcohol":false,"frozen":true,"packagingLabels":[],"packagingLabelCodes":[],"hierarchyPath":[{"id":"1591691225905747","name":"Yksittäiset kasvikset","slug":"pakasteet-1/kasvispakasteet/yksittaiset-kasvikset","__typename":"HierarchyPathItem"},{"id":"Herkku_00000132","name":"Kasvispakasteet","slug":"pakasteet-1/kasvispakasteet","__typename":"HierarchyPathItem"},{"id":"Herkku_00000013","name":"Pakasteet","slug":"pakasteet-1","__typename":"HierarchyPathItem"}],"isGlobalFallback":null,"countryName":{"fi":"Belgia","__typename":"CountryName"}},{"id":"6430104920906","ean":"6430104920906","name":"Apetit Pikkuporkkanat pakaste 200g","price":1.19,"storeId":725782447,"__typename":"Product","approxPrice":false,"basicQuantityUnit":"KPL","comparisonPrice":5.95,"comparisonUnit":"KGM","consumerPackageSize":null,"consumerPackageUnit":null,"priceUnit":"KPL","quantityMultiplier":1,"brandName":"Apetit","slug":"apetit-pikkuporkkanat-pakaste-200g","isAgeLimitedByAlcohol":false,"frozen":true,"packagingLabels":[],"packagingLabelCodes":[],"hierarchyPath":[{"id":"1591691225905747","name":"Yksittäiset kasvikset","slug":"pakasteet-1/kasvispakasteet/yksittaiset-kasvikset","__typename":"HierarchyPathItem"},{"id":"Herkku_00000132","name":"Kasvispakasteet","slug":"pakasteet-1/kasvispakasteet","__typename":"HierarchyPathItem"},{"id":"Herkku_00000013","name":"Pakasteet","slug":"pakasteet-1","__typename":"HierarchyPathItem"}],"isGlobalFallback":null,"countryName":{"fi":"Belgia","__typename":"CountryName"}},{"id":"6430104921200","ean":"6430104921200","name":"Apetit Parsakaalia pakaste 200g","price":1.99,"storeId":725782447,"__typename":"Product","approxPrice":false,"basicQuantityUnit":"KPL","comparisonPrice":9.95,"comparisonUnit":"KGM","consumerPackageSize":null,"consumerPackageUnit":null,"priceUnit":"KPL","quantityMultiplier":1,"brandName":"Apetit","slug":"apetit-parsakaalia-pakaste-200g","isAgeLimitedByAlcohol":false,"frozen":true,"packagingLabels":[],"packagingLabelCodes":[],"hierarchyPath":[{"id":"1591691225905747","name":"Yksittäiset kasvikset","slug":"pakasteet-1/kasvispakasteet/yksittaiset-kasvikset","__typename":"HierarchyPathItem"},{"id":"Herkku_00000132","name":"Kasvispakasteet","slug":"pakasteet-1/kasvispakasteet","__typename":"HierarchyPathItem"},{"id":"Herkku_00000013","name":"Pakasteet","slug":"pakasteet-1","__typename":"HierarchyPathItem"}],"isGlobalFallback":null,"countryName":{"fi":"Ecuador","__typename":"CountryName"}},{"id":"6430104921217","ean":"6430104921217","name":"Apetit Kotimainen Sipulikuutio pakaste 200 g","price":0.89,"storeId":725782447,"__typename":"Product","approxPrice":false,"basicQuantityUnit":"KPL","comparisonPrice":4.45,"comparisonUnit":"KGM","consumerPackageSize":null,"consumerPackageUnit":null,"priceUnit":"KPL","quantityMultiplier":1,"brandName":"Apetit","slug":"apetit-kotimainen-sipulikuutio-pakaste-200-g","isAgeLimitedByAlcohol":false,"frozen":true,"packagingLabels":["Hyvää Suomesta (Sininen Joutsen)"],"packagingLabelCodes":["GOODS_FROM_FINLAND_BLUE_SWAN"],"hierarchyPath":[{"id":"1591691225905747","name":"Yksittäiset kasvikset","slug":"pakasteet-1/kasvispakasteet/yksittaiset-kasvikset","__typename":"HierarchyPathItem"},{"id":"Herkku_00000132","name":"Kasvispakasteet","slug":"pakasteet-1/kasvispakasteet","__typename":"HierarchyPathItem"},{"id":"Herkku_00000013","name":"Pakasteet","slug":"pakasteet-1","__typename":"HierarchyPathItem"}],"isGlobalFallback":null,"countryName":{"fi":"Suomi","__typename":"CountryName"}},{"id":"6430104921309","ean":"6430104921309","name":"Apetit Maissia pakaste 200g","price":1.35,"storeId":725782447,"__typename":"Product","approxPrice":false,"basicQuantityUnit":"KPL","comparisonPrice":6.75,"comparisonUnit":"KGM","consumerPackageSize":null,"consumerPackageUnit":null,"priceUnit":"KPL","quantityMultiplier":1,"brandName":"Apetit","slug":"apetit-maissia-pakaste-200g","isAgeLimitedByAlcohol":false,"frozen":true,"packagingLabels":[],"packagingLabelCodes":[],"hierarchyPath":[{"id":"1591691225905747","name":"Yksittäiset kasvikset","slug":"pakasteet-1/kasvispakasteet/yksittaiset-kasvikset","__typename":"HierarchyPathItem"},{"id":"Herkku_00000132","name":"Kasvispakasteet","slug":"pakasteet-1/kasvispakasteet","__typename":"HierarchyPathItem"},{"id":"Herkku_00000013","name":"Pakasteet","slug":"pakasteet-1","__typename":"HierarchyPathItem"}],"isGlobalFallback":null,"countryName":{"fi":"Unkari","__typename":"CountryName"}},{"id":"6430104921378","ean":"6430104921378","name":"Apetit Sadonkorjuukasvikset kasvissekoitus pakaste 300g","price":2.09,"storeId":725782447,"__typename":"Product","approxPrice":false,"basicQuantityUnit":"KPL","comparisonPrice":6.97,"comparisonUnit":"KGM","consumerPackageSize":null,"consumerPackageUnit":null,"priceUnit":"KPL","quantityMultiplier":1,"brandName":"Apetit","slug":"apetit-sadonkorjuukasvikset-kasvissekoitus-pakaste-300g","isAgeLimitedByAlcohol":false,"frozen":true,"packagingLabels":[],"packagingLabelCodes":[],"hierarchyPath":[{"id":"1591691225905745","name":"Kasvissekoitukset","slug":"pakasteet-1/kasvispakasteet/kasvissekoitukset","__typename":"HierarchyPathItem"},{"id":"Herkku_00000132","name":"Kasvispakasteet","slug":"pakasteet-1/kasvispakasteet","__typename":"HierarchyPathItem"},{"id":"Herkku_00000013","name":"Pakasteet","slug":"pakasteet-1","__typename":"HierarchyPathItem"}],"isGlobalFallback":null,"countryName":{"fi":"Suomi","__typename":"CountryName"}},{"id":"6430104921583","ean":"6430104921583","name":"Apetit Kotimainen Pinaatti hienonnettua pinaattia paloina pakaste 150g","price":1.25,"storeId":725782447,"__typename":"Product","approxPrice":false,"basicQuantityUnit":"KPL","comparisonPrice":8.33,"comparisonUnit":"KGM","consumerPackageSize":null,"consumerPackageUnit":null,"priceUnit":"KPL","quantityMultiplier":1,"brandName":"Apetit","slug":"apetit-kotimainen-pinaatti-hienonnettua-pinaattia-paloina-pakaste-150g","isAgeLimitedByAlcohol":false,"frozen":true,"packagingLabels":["Hyvää Suomesta (Sininen Joutsen)"],"packagingLabelCodes":["GOODS_FROM_FINLAND_BLUE_SWAN"],"hierarchyPath":[{"id":"1591691225905747","name":"Yksittäiset kasvikset","slug":"pakasteet-1/kasvispakasteet/yksittaiset-kasvikset","__typename":"HierarchyPathItem"},{"id":"Herkku_00000132","name":"Kasvispakasteet","slug":"pakasteet-1/kasvispakasteet","__typename":"HierarchyPathItem"},{"id":"Herkku_00000013","name":"Pakasteet","slug":"pakasteet-1","__typename":"HierarchyPathItem"}],"isGlobalFallback":null,"countryName":{"fi":"Suomi","__typename":"CountryName"}},{"id":"6430104921804","ean":"6430104921804","name":"Apetit Kruunusekoitus vihannessekoitus pakaste 300g","price":2.15,"storeId":725782447,"__typename":"Product","approxPrice":false,"basicQuantityUnit":"KPL","comparisonPrice":7.17,"comparisonUnit":"KGM","consumerPackageSize":null,"consumerPackageUnit":null,"priceUnit":"KPL","quantityMultiplier":1,"brandName":"Apetit","slug":"apetit-kruunusekoitus-vihannessekoitus-pakaste-300g","isAgeLimitedByAlcohol":false,"frozen":true,"packagingLabels":[],"packagingLabelCodes":[],"hierarchyPath":[{"id":"1591691225905745","name":"Kasvissekoitukset","slug":"pakasteet-1/kasvispakasteet/kasvissekoitukset","__typename":"HierarchyPathItem"},{"id":"Herkku_00000132","name":"Kasvispakasteet","slug":"pakasteet-1/kasvispakasteet","__typename":"HierarchyPathItem"},{"id":"Herkku_00000013","name":"Pakasteet","slug":"pakasteet-1","__typename":"HierarchyPathItem"}],"isGlobalFallback":null,"countryName":{"fi":"Suomi","__typename":"CountryName"}},{"id":"6430104921866","ean":"6430104921866","name":"Apetit Aurinkokasvikset kasvissekoitus pakaste 300g","price":2.09,"storeId":725782447,"__typename":"Product","approxPrice":false,"basicQuantityUnit":"KPL","comparisonPrice":6.97,"comparisonUnit":"KGM","consumerPackageSize":null,"consumerPackageUnit":null,"priceUnit":"KPL","quantityMultiplier":1,"brandName":"Apetit","slug":"apetit-aurinkokasvikset-kasvissekoitus-pakaste-300g","isAgeLimitedByAlcohol":false,"frozen":true,"packagingLabels":[],"packagingLabelCodes":[],"hierarchyPath":[{"id":"1591691225905745","name":"Kasvissekoitukset","slug":"pakasteet-1/kasvispakasteet/kasvissekoitukset","__typename":"HierarchyPathItem"},{"id":"Herkku_00000132","name":"Kasvispakasteet","slug":"pakasteet-1/kasvispakasteet","__typename":"HierarchyPathItem"},{"id":"Herkku_00000013","name":"Pakasteet","slug":"pakasteet-1","__typename":"HierarchyPathItem"}],"isGlobalFallback":null,"countryName":{"fi":"Suomi","__typename":"CountryName"}},{"id":"6430104923853","ean":"6430104923853","name":"Apetit Kotimainen Peruna&keittokasvis pakaste 750g","price":2.19,"storeId":725782447,"__typename":"Product","approxPrice":false,"basicQuantityUnit":"KPL","comparisonPrice":2.92,"comparisonUnit":"KGM","consumerPackageSize":null,"consumerPackageUnit":null,"priceUnit":"KPL","quantityMultiplier":1,"brandName":"Apetit","slug":"apetit-kotimainen-perunaandkeittokasvis-pakaste-750g","isAgeLimitedByAlcohol":false,"frozen":true,"packagingLabels":["Hyvää Suomesta (Sininen Joutsen)"],"packagingLabelCodes":["GOODS_FROM_FINLAND_BLUE_SWAN"],"hierarchyPath":[{"id":"1591691225905745","name":"Kasvissekoitukset","slug":"pakasteet-1/kasvispakasteet/kasvissekoitukset","__typename":"HierarchyPathItem"},{"id":"Herkku_00000132","name":"Kasvispakasteet","slug":"pakasteet-1/kasvispakasteet","__typename":"HierarchyPathItem"},{"id":"Herkku_00000013","name":"Pakasteet","slug":"pakasteet-1","__typename":"HierarchyPathItem"}],"isGlobalFallback":null,"countryName":{"fi":"Suomi","__typename":"CountryName"}},{"id":"6430104924201","ean":"6430104924201","name":"Apetit Kotimainen Peruna-sipulisekoitus pakaste 500g","price":1.09,"storeId":725782447,"__typename":"Product","approxPrice":false,"basicQuantityUnit":"KPL","comparisonPrice":2.18,"comparisonUnit":"KGM","consumerPackageSize":null,"consumerPackageUnit":null,"priceUnit":"KPL","quantityMultiplier":1,"brandName":"Apetit","slug":"apetit-kotimainen-peruna-sipulisekoitus-pakaste-500g","isAgeLimitedByAlcohol":false,"frozen":true,"packagingLabels":["Hyvää Suomesta (Sininen Joutsen)"],"packagingLabelCodes":["GOODS_FROM_FINLAND_BLUE_SWAN"],"hierarchyPath":[{"id":"1591691225905753","name":"Perunasuikaleet ja -sekoitukset","slug":"pakasteet-1/perunapakasteet/perunasuikaleet-ja-sekoitukset","__typename":"HierarchyPathItem"},{"id":"Herkku_00000128","name":"Perunapakasteet","slug":"pakasteet-1/perunapakasteet","__typename":"HierarchyPathItem"},{"id":"Herkku_00000013","name":"Pakasteet","slug":"pakasteet-1","__typename":"HierarchyPathItem"}],"isGlobalFallback":null,"countryName":{"fi":"Suomi","__typename":"CountryName"}},{"id":"6430104926502","ean":"6430104926502","name":"Apetit Perunamuusi pakaste 350g","price":2.85,"storeId":725782447,"__typename":"Product","approxPrice":false,"basicQuantityUnit":"KPL","comparisonPrice":8.14,"comparisonUnit":"KGM","consumerPackageSize":null,"consumerPackageUnit":null,"priceUnit":"KPL","quantityMultiplier":1,"brandName":"Apetit","slug":"apetit-perunamuusi-pakaste-350g","isAgeLimitedByAlcohol":false,"frozen":true,"packagingLabels":[],"packagingLabelCodes":[],"hierarchyPath":[{"id":"1591691225905781","name":"Perunasoseet ja muut perunapakasteet","slug":"pakasteet-1/perunapakasteet/perunasoseet-ja-muut-perunapakasteet","__typename":"HierarchyPathItem"},{"id":"Herkku_00000128","name":"Perunapakasteet","slug":"pakasteet-1/perunapakasteet","__typename":"HierarchyPathItem"},{"id":"Herkku_00000013","name":"Pakasteet","slug":"pakasteet-1","__typename":"HierarchyPathItem"}],"isGlobalFallback":null,"countryName":{"fi":"Belgia","__typename":"CountryName"}},{"id":"6430104926601","ean":"6430104926601","name":"Apetit 450g Kotimainen Wok Vihannekset pakaste","price":2.65,"storeId":725782447,"__typename":"Product","approxPrice":false,"basicQuantityUnit":"KPL","comparisonPrice":5.89,"comparisonUnit":"KGM","consumerPackageSize":null,"consumerPackageUnit":null,"priceUnit":"KPL","quantityMultiplier":1,"brandName":"Apetit","slug":"apetit-450g-kotimainen-wok-vihannekset-pakaste","isAgeLimitedByAlcohol":false,"frozen":true,"packagingLabels":["Hyvää Suomesta (Sininen Joutsen)"],"packagingLabelCodes":["GOODS_FROM_FINLAND_BLUE_SWAN"],"hierarchyPath":[{"id":"1591691225905745","name":"Kasvissekoitukset","slug":"pakasteet-1/kasvispakasteet/kasvissekoitukset","__typename":"HierarchyPathItem"},{"id":"Herkku_00000132","name":"Kasvispakasteet","slug":"pakasteet-1/kasvispakasteet","__typename":"HierarchyPathItem"},{"id":"Herkku_00000013","name":"Pakasteet","slug":"pakasteet-1","__typename":"HierarchyPathItem"}],"isGlobalFallback":null,"countryName":{"fi":"Suomi","__typename":"CountryName"}},{"id":"6430104958671","ean":"6430104958671","name":"Apetit Superior Opera Special Pizza pakaste 335g","price":3.45,"storeId":725782447,"__typename":"Product","approxPrice":false,"basicQuantityUnit":"KPL","comparisonPrice":10.3,"comparisonUnit":"KGM","consumerPackageSize":null,"consumerPackageUnit":null,"priceUnit":"KPL","quantityMultiplier":1,"brandName":"Apetit","slug":"apetit-superior-opera-special-pizza-pakaste-335g","isAgeLimitedByAlcohol":false,"frozen":true,"packagingLabels":[],"packagingLabelCodes":[],"hierarchyPath":[{"id":"1591691225905856","name":"Pakastepizzat","slug":"pakasteet-1/pakastepizzat/pakastepizzat","__typename":"HierarchyPathItem"},{"id":"1591691225905854","name":"Pakastepizzat","slug":"pakasteet-1/pakastepizzat","__typename":"HierarchyPathItem"},{"id":"Herkku_00000013","name":"Pakasteet","slug":"pakasteet-1","__typename":"HierarchyPathItem"}],"isGlobalFallback":null,"countryName":{"fi":"Suomi","__typename":"CountryName"}},{"id":"6430104958695","ean":"6430104958695","name":"Apetit Superior Kasvisjauhis Pizza pakaste 320g","price":3.45,"storeId":725782447,"__typename":"Product","approxPrice":false,"basicQuantityUnit":"KPL","comparisonPrice":10.78,"comparisonUnit":"KGM","consumerPackageSize":null,"consumerPackageUnit":null,"priceUnit":"KPL","quantityMultiplier":1,"brandName":"Apetit","slug":"apetit-superior-kasvisjauhis-pizza-pakaste-320g","isAgeLimitedByAlcohol":false,"frozen":true,"packagingLabels":[],"packagingLabelCodes":[],"hierarchyPath":[{"id":"1591691225905856","name":"Pakastepizzat","slug":"pakasteet-1/pakastepizzat/pakastepizzat","__typename":"HierarchyPathItem"},{"id":"1591691225905854","name":"Pakastepizzat","slug":"pakasteet-1/pakastepizzat","__typename":"HierarchyPathItem"},{"id":"Herkku_00000013","name":"Pakasteet","slug":"pakasteet-1","__typename":"HierarchyPathItem"}],"isGlobalFallback":null,"countryName":{"fi":"Suomi","__typename":"CountryName"}},{"id":"6430104960377","ean":"6430104960377","name":"Apetit Kotimainen Laktoositon pinaattikeitto pakaste 400g","price":2.85,"storeId":725782447,"__typename":"Product","approxPrice":false,"basicQuantityUnit":"KPL","comparisonPrice":7.13,"comparisonUnit":"KGM","consumerPackageSize":null,"consumerPackageUnit":null,"priceUnit":"KPL","quantityMultiplier":1,"brandName":"Apetit","slug":"apetit-kotimainen-laktoositon-pinaattikeitto-pakaste-400g","isAgeLimitedByAlcohol":false,"frozen":true,"packagingLabels":["Hyvää Suomesta (Sininen Joutsen)"],"packagingLabelCodes":["GOODS_FROM_FINLAND_BLUE_SWAN"],"hierarchyPath":[{"id":"Herkku_00000750","name":"Pakastekeitot","slug":"pakasteet-1/pakasteateriat/pakastekeitot","__typename":"HierarchyPathItem"},{"id":"Herkku_00000129","name":"Pakasteateriat","slug":"pakasteet-1/pakasteateriat","__typename":"HierarchyPathItem"},{"id":"Herkku_00000013","name":"Pakasteet","slug":"pakasteet-1","__typename":"HierarchyPathItem"}],"isGlobalFallback":null,"countryName":{"fi":"Suomi","__typename":"CountryName"}},{"id":"6430104960827","ean":"6430104960827","name":"Apetit Laktoositon Lohikeitto pakaste 400g","price":3.1,"storeId":725782447,"__typename":"Product","approxPrice":false,"basicQuantityUnit":"KPL","comparisonPrice":7.75,"comparisonUnit":"KGM","consumerPackageSize":null,"consumerPackageUnit":null,"priceUnit":"KPL","quantityMultiplier":1,"brandName":"Apetit","slug":"apetit-laktoositon-lohikeitto-pakaste-400g","isAgeLimitedByAlcohol":false,"frozen":true,"packagingLabels":[],"packagingLabelCodes":[],"hierarchyPath":[{"id":"Herkku_00000750","name":"Pakastekeitot","slug":"pakasteet-1/pakasteateriat/pakastekeitot","__typename":"HierarchyPathItem"},{"id":"Herkku_00000129","name":"Pakasteateriat","slug":"pakasteet-1/pakasteateriat","__typename":"HierarchyPathItem"},{"id":"Herkku_00000013","name":"Pakasteet","slug":"pakasteet-1","__typename":"HierarchyPathItem"}],"isGlobalFallback":null,"countryName":{"fi":"Suomi","__typename":"CountryName"}},{"id":"6430104964016","ean":"6430104964016","name":"Apetit Kukkakaaliwings paneroitu pakaste 400g","price":4.15,"storeId":725782447,"__typename":"Product","approxPrice":false,"basicQuantityUnit":"KPL","comparisonPrice":10.38,"comparisonUnit":"KGM","consumerPackageSize":null,"consumerPackageUnit":null,"priceUnit":"KPL","quantityMultiplier":1,"brandName":"Apetit","slug":"apetit-kukkakaaliwings-paneroitu-pakaste-400g","isAgeLimitedByAlcohol":false,"frozen":true,"packagingLabels":[],"packagingLabelCodes":[],"hierarchyPath":[{"id":"1591691225905845","name":"Valmiit pakasteateriat","slug":"pakasteet-1/pakasteateriat/valmiit-pakasteateriat","__typename":"HierarchyPathItem"},{"id":"Herkku_00000129","name":"Pakasteateriat","slug":"pakasteet-1/pakasteateriat","__typename":"HierarchyPathItem"},{"id":"Herkku_00000013","name":"Pakasteet","slug":"pakasteet-1","__typename":"HierarchyPathItem"}],"isGlobalFallback":null,"countryName":{"fi":"Suomi","__typename":"CountryName"}},{"id":"6430104965204","ean":"6430104965204","name":"Apetit Kasvispihvi pakaste 240g","price":2.79,"storeId":725782447,"__typename":"Product","approxPrice":false,"basicQuantityUnit":"KPL","comparisonPrice":11.63,"comparisonUnit":"KGM","consumerPackageSize":null,"consumerPackageUnit":null,"priceUnit":"KPL","quantityMultiplier":1,"brandName":"Apetit","slug":"apetit-kasvispihvi-pakaste-240g","isAgeLimitedByAlcohol":false,"frozen":true,"packagingLabels":["Sydänmerkki"],"packagingLabelCodes":["FINNISH_HEART_SYMBOL"],"hierarchyPath":[{"id":"1591691225905845","name":"Valmiit pakasteateriat","slug":"pakasteet-1/pakasteateriat/valmiit-pakasteateriat","__typename":"HierarchyPathItem"},{"id":"Herkku_00000129","name":"Pakasteateriat","slug":"pakasteet-1/pakasteateriat","__typename":"HierarchyPathItem"},{"id":"Herkku_00000013","name":"Pakasteet","slug":"pakasteet-1","__typename":"HierarchyPathItem"}],"isGlobalFallback":null,"countryName":{"fi":"Suomi","__typename":"CountryName"}},{"id":"6430104966188","ean":"6430104966188","name":"Apetit 450g Uuni&Grillikasvikset Hunajainen pakaste","price":2.89,"storeId":725782447,"__typename":"Product","approxPrice":false,"basicQuantityUnit":"KPL","comparisonPrice":6.42,"comparisonUnit":"KGM","consumerPackageSize":null,"consumerPackageUnit":null,"priceUnit":"KPL","quantityMultiplier":1,"brandName":"Apetit","slug":"apetit-450g-uuniandgrillikasvikset-hunajainen-pakaste","isAgeLimitedByAlcohol":false,"frozen":true,"packagingLabels":["Hyvää Suomesta (Sininen Joutsen)"],"packagingLabelCodes":["GOODS_FROM_FINLAND_BLUE_SWAN"],"hierarchyPath":[{"id":"1591691225905745","name":"Kasvissekoitukset","slug":"pakasteet-1/kasvispakasteet/kasvissekoitukset","__typename":"HierarchyPathItem"},{"id":"Herkku_00000132","name":"Kasvispakasteet","slug":"pakasteet-1/kasvispakasteet","__typename":"HierarchyPathItem"},{"id":"Herkku_00000013","name":"Pakasteet","slug":"pakasteet-1","__typename":"HierarchyPathItem"}],"isGlobalFallback":null,"countryName":{"fi":"Suomi","__typename":"CountryName"}},{"id":"6430104966393","ean":"6430104966393","name":"Apetit Kotimainen Valkosipulikermaperunat pakaste 700g","price":3.5,"storeId":725782447,"__typename":"Product","approxPrice":false,"basicQuantityUnit":"KPL","comparisonPrice":5,"comparisonUnit":"KGM","consumerPackageSize":null,"consumerPackageUnit":null,"priceUnit":"KPL","quantityMultiplier":1,"brandName":"Apetit","slug":"apetit-kotimainen-valkosipulikermaperunat-pakaste-700g","isAgeLimitedByAlcohol":false,"frozen":true,"packagingLabels":["Hyvää Suomesta (Sininen Joutsen)"],"packagingLabelCodes":["GOODS_FROM_FINLAND_BLUE_SWAN"],"hierarchyPath":[{"id":"1591691225905781","name":"Perunasoseet ja muut perunapakasteet","slug":"pakasteet-1/perunapakasteet/perunasoseet-ja-muut-perunapakasteet","__typename":"HierarchyPathItem"},{"id":"Herkku_00000128","name":"Perunapakasteet","slug":"pakasteet-1/perunapakasteet","__typename":"HierarchyPathItem"},{"id":"Herkku_00000013","name":"Pakasteet","slug":"pakasteet-1","__typename":"HierarchyPathItem"}],"isGlobalFallback":null,"countryName":{"fi":"Suomi","__typename":"CountryName"}},{"id":"6430104966515","ean":"6430104966515","name":"Apetit Kotimaiset Järvikalapuikot pakaste 200g","price":3.25,"storeId":725782447,"__typename":"Product","approxPrice":false,"basicQuantityUnit":"KPL","comparisonPrice":16.25,"comparisonUnit":"KGM","consumerPackageSize":null,"consumerPackageUnit":null,"priceUnit":"KPL","quantityMultiplier":1,"brandName":"Apetit","slug":"apetit-kotimaiset-jarvikalapuikot-pakaste-200g","isAgeLimitedByAlcohol":false,"frozen":true,"packagingLabels":["Hyvää Suomesta (Sininen Joutsen)"],"packagingLabelCodes":["GOODS_FROM_FINLAND_BLUE_SWAN"],"hierarchyPath":[{"id":"1591691225905833","name":"Kala ja äyriäiset","slug":"pakasteet-1/liha-ja-kalapakasteet/kala-ja-ayriaiset","__typename":"HierarchyPathItem"},{"id":"Herkku_00000131","name":"Liha- ja kalapakasteet","slug":"pakasteet-1/liha-ja-kalapakasteet","__typename":"HierarchyPathItem"},{"id":"Herkku_00000013","name":"Pakasteet","slug":"pakasteet-1","__typename":"HierarchyPathItem"}],"isGlobalFallback":null,"countryName":{"fi":"Suomi","__typename":"CountryName"}},{"id":"6430104966522","ean":"6430104966522","name":"Apetit Kotimainen Itämeren kalapuikko pakaste 240 g","price":3.55,"storeId":725782447,"__typename":"Product","approxPrice":false,"basicQuantityUnit":"KPL","comparisonPrice":14.79,"comparisonUnit":"KGM","consumerPackageSize":null,"consumerPackageUnit":null,"priceUnit":"KPL","quantityMultiplier":1,"brandName":"Apetit","slug":"apetit-kotimainen-itameren-kalapuikko-pakaste-240-g","isAgeLimitedByAlcohol":false,"frozen":true,"packagingLabels":["Hyvää Suomesta (Sininen Joutsen)"," MSC (Marine Stewardship Council)"," Sydänmerkki"],"packagingLabelCodes":["FINNISH_HEART_SYMBOL"," GOODS_FROM_FINLAND_BLUE_SWAN"," MARINE_STEWARDSHIP_COUNCIL_LABEL"],"hierarchyPath":[{"id":"1591691225905833","name":"Kala ja äyriäiset","slug":"pakasteet-1/liha-ja-kalapakasteet/kala-ja-ayriaiset","__typename":"HierarchyPathItem"},{"id":"Herkku_00000131","name":"Liha- ja kalapakasteet","slug":"pakasteet-1/liha-ja-kalapakasteet","__typename":"HierarchyPathItem"},{"id":"Herkku_00000013","name":"Pakasteet","slug":"pakasteet-1","__typename":"HierarchyPathItem"}],"isGlobalFallback":null,"countryName":{"fi":"Suomi","__typename":"CountryName"}},{"id":"6430104966812","ean":"6430104966812","name":"Apetit Kasvisjauhispihvit Crispy Chick herneproteiinipihvit pakaste 240g","price":3.25,"storeId":725782447,"__typename":"Product","approxPrice":false,"basicQuantityUnit":"KPL","comparisonPrice":13.54,"comparisonUnit":"KGM","consumerPackageSize":null,"consumerPackageUnit":null,"priceUnit":"KPL","quantityMultiplier":1,"brandName":"Apetit","slug":"apetit-kasvisjauhispihvit-crispy-chick-herneproteiinipihvit-pakaste-240g","isAgeLimitedByAlcohol":false,"frozen":true,"packagingLabels":[],"packagingLabelCodes":[],"hierarchyPath":[{"id":"1591691225905845","name":"Valmiit pakasteateriat","slug":"pakasteet-1/pakasteateriat/valmiit-pakasteateriat","__typename":"HierarchyPathItem"},{"id":"Herkku_00000129","name":"Pakasteateriat","slug":"pakasteet-1/pakasteateriat","__typename":"HierarchyPathItem"},{"id":"Herkku_00000013","name":"Pakasteet","slug":"pakasteet-1","__typename":"HierarchyPathItem"}],"isGlobalFallback":null,"countryName":{"fi":"Suomi","__typename":"CountryName"}},{"id":"6430104966829","ean":"6430104966829","name":"Apetit Kasvisjauhispyörykät herneproteiinipyörykät pakaste 240g","price":3.25,"storeId":725782447,"__typename":"Product","approxPrice":false,"basicQuantityUnit":"KPL","comparisonPrice":13.54,"comparisonUnit":"KGM","consumerPackageSize":null,"consumerPackageUnit":null,"priceUnit":"KPL","quantityMultiplier":1,"brandName":"Apetit","slug":"apetit-kasvisjauhispyorykat-herneproteiinipyorykat-pakaste-240g","isAgeLimitedByAlcohol":false,"frozen":true,"packagingLabels":[],"packagingLabelCodes":[],"hierarchyPath":[{"id":"1591691225905845","name":"Valmiit pakasteateriat","slug":"pakasteet-1/pakasteateriat/valmiit-pakasteateriat","__typename":"HierarchyPathItem"},{"id":"Herkku_00000129","name":"Pakasteateriat","slug":"pakasteet-1/pakasteateriat","__typename":"HierarchyPathItem"},{"id":"Herkku_00000013","name":"Pakasteet","slug":"pakasteet-1","__typename":"HierarchyPathItem"}],"isGlobalFallback":null,"countryName":{"fi":"Suomi","__typename":"CountryName"}},{"id":"6431003105302","ean":"6431003105302","name":"Kultamuna vapaa kananmuna S/M10 530g","price":2.39,"storeId":725782447,"__typename":"Product","approxPrice":false,"basicQuantityUnit":"KPL","comparisonPrice":4.51,"comparisonUnit":"KGM","consumerPackageSize":null,"consumerPackageUnit":null,"priceUnit":"KPL","quantityMultiplier":1,"brandName":"Kultamuna","slug":"kultamuna-vapaa-kananmuna-sm10-530g","isAgeLimitedByAlcohol":false,"frozen":false,"packagingLabels":["Hyvää Suomesta (Sininen Joutsen)"],"packagingLabelCodes":["GOODS_FROM_FINLAND_BLUE_SWAN"],"hierarchyPath":[{"id":"Herkku_00000681","name":"Vapaan kanan munat","slug":"maito-munat-ja-rasvat-0/munat/vapaan-kanan-munat","__typename":"HierarchyPathItem"},{"id":"Herkku_00000121","name":"Munat","slug":"maito-munat-ja-rasvat-0/munat","__typename":"HierarchyPathItem"},{"id":"Herkku_00000006","name":"Maito, munat ja rasvat","slug":"maito-munat-ja-rasvat-0","__typename":"HierarchyPathItem"}],"isGlobalFallback":null,"countryName":{"fi":"Suomi","__typename":"CountryName"}},{"id":"6431901840213","ean":"6431901840213","name":"Moilas Gluten-Free Kaura100 palaleipä, halkaistu, 4kpl/340g, kypsäpakaste","price":3.49,"storeId":725782447,"__typename":"Product","approxPrice":false,"basicQuantityUnit":"KPL","comparisonPrice":10.26,"comparisonUnit":"KGM","consumerPackageSize":null,"consumerPackageUnit":null,"priceUnit":"KPL","quantityMultiplier":1,"brandName":"Moilas","slug":"moilas-gluten-free-kaura100-palaleipa-halkaistu-4kpl340g-kypsapakaste","isAgeLimitedByAlcohol":false,"frozen":true,"packagingLabels":["Gluteeniton elintarvike (yliviivattu tähkä)"],"packagingLabelCodes":["CROSSED_GRAIN_SYMBOL"],"hierarchyPath":[{"id":"1591691225974006","name":"Leivät ja patongit","slug":"pakasteet-1/leivonnais-ja-leipapakasteet/leivat-ja-patongit","__typename":"HierarchyPathItem"},{"id":"Herkku_00000125","name":"Leivonnais- ja leipäpakasteet","slug":"pakasteet-1/leivonnais-ja-leipapakasteet","__typename":"HierarchyPathItem"},{"id":"Herkku_00000013","name":"Pakasteet","slug":"pakasteet-1","__typename":"HierarchyPathItem"}],"isGlobalFallback":null,"countryName":{"fi":"Suomi","__typename":"CountryName"}},{"id":"6431901840428","ean":"6431901840428","name":"Moilas Gluten-Free Tumma Pyöreä 3 kpl 240 g, kypsä pakaste","price":2.95,"storeId":725782447,"__typename":"Product","approxPrice":false,"basicQuantityUnit":"KPL","comparisonPrice":12.29,"comparisonUnit":"KGM","consumerPackageSize":null,"consumerPackageUnit":null,"priceUnit":"KPL","quantityMultiplier":1,"brandName":"Moilas Gluten-Free","slug":"moilas-gluten-free-tumma-pyorea-3-kpl-240-g-kypsa-pakaste","isAgeLimitedByAlcohol":false,"frozen":true,"packagingLabels":["Avainlippu"," Gluteeniton elintarvike (yliviivattu tähkä)"],"packagingLabelCodes":["CROSSED_GRAIN_SYMBOL"," MADE_IN_FINLAND_FLAG_WITH_KEY"],"hierarchyPath":[{"id":"1591691225974006","name":"Leivät ja patongit","slug":"pakasteet-1/leivonnais-ja-leipapakasteet/leivat-ja-patongit","__typename":"HierarchyPathItem"},{"id":"Herkku_00000125","name":"Leivonnais- ja leipäpakasteet","slug":"pakasteet-1/leivonnais-ja-leipapakasteet","__typename":"HierarchyPathItem"},{"id":"Herkku_00000013","name":"Pakasteet","slug":"pakasteet-1","__typename":"HierarchyPathItem"}],"isGlobalFallback":null,"countryName":{"fi":"Suomi","__typename":"CountryName"}},{"id":"6431903311230","ean":"6431903311230","name":"Moilas Gluten-Free Tumma Leipä 600g viipaloitu pakaste","price":5.45,"storeId":725782447,"__typename":"Product","approxPrice":false,"basicQuantityUnit":"KPL","comparisonPrice":9.08,"comparisonUnit":"KGM","consumerPackageSize":null,"consumerPackageUnit":null,"priceUnit":"KPL","quantityMultiplier":1,"brandName":"Moilas","slug":"moilas-gluten-free-tumma-leipa-600g-viipaloitu-pakaste","isAgeLimitedByAlcohol":false,"frozen":true,"packagingLabels":["Gluteeniton elintarvike (yliviivattu tähkä)"],"packagingLabelCodes":["CROSSED_GRAIN_SYMBOL"],"hierarchyPath":[{"id":"1591691225974006","name":"Leivät ja patongit","slug":"pakasteet-1/leivonnais-ja-leipapakasteet/leivat-ja-patongit","__typename":"HierarchyPathItem"},{"id":"Herkku_00000125","name":"Leivonnais- ja leipäpakasteet","slug":"pakasteet-1/leivonnais-ja-leipapakasteet","__typename":"HierarchyPathItem"},{"id":"Herkku_00000013","name":"Pakasteet","slug":"pakasteet-1","__typename":"HierarchyPathItem"}],"isGlobalFallback":null,"countryName":{"fi":"Suomi","__typename":"CountryName"}},{"id":"6431903325527","ean":"6431903325527","name":"Moilas Gluten-Free riisipiirakka 5kpl 425g kypsä pakaste","price":4.29,"storeId":725782447,"__typename":"Product","approxPrice":false,"basicQuantityUnit":"KPL","comparisonPrice":10.09,"comparisonUnit":"KGM","consumerPackageSize":null,"consumerPackageUnit":null,"priceUnit":"KPL","quantityMultiplier":1,"brandName":"Moilas","slug":"moilas-gluten-free-riisipiirakka-5kpl-425g-kypsa-pakaste","isAgeLimitedByAlcohol":false,"frozen":true,"packagingLabels":["Gluteeniton elintarvike (yliviivattu tähkä)"],"packagingLabelCodes":["CROSSED_GRAIN_SYMBOL"],"hierarchyPath":[{"id":"1591691225974010","name":"Muut pikkusuolaiset","slug":"pakasteet-1/leivonnais-ja-leipapakasteet/muut-pikkusuolaiset","__typename":"HierarchyPathItem"},{"id":"Herkku_00000125","name":"Leivonnais- ja leipäpakasteet","slug":"pakasteet-1/leivonnais-ja-leipapakasteet","__typename":"HierarchyPathItem"},{"id":"Herkku_00000013","name":"Pakasteet","slug":"pakasteet-1","__typename":"HierarchyPathItem"}],"isGlobalFallback":null,"countryName":{"fi":"Suomi","__typename":"CountryName"}},{"id":"6431903726010","ean":"6431903726010","name":"Moilas Piparkakkutaikina 2/470g gluteeniton pakaste","price":4.89,"storeId":725782447,"__typename":"Product","approxPrice":false,"basicQuantityUnit":"KPL","comparisonPrice":10.4,"comparisonUnit":"KGM","consumerPackageSize":null,"consumerPackageUnit":null,"priceUnit":"KPL","quantityMultiplier":1,"brandName":"Moilas","slug":"moilas-piparkakkutaikina-2470g-gluteeniton-pakaste","isAgeLimitedByAlcohol":false,"frozen":true,"packagingLabels":["Avainlippu"," Gluteeniton elintarvike (yliviivattu tähkä)"," Vastuullisesti tuotettu palmuöljy (RSPO)"],"packagingLabelCodes":["CROSSED_GRAIN_SYMBOL"," MADE_IN_FINLAND_FLAG_WITH_KEY"," SUSTAINABLE_PALM_OIL_RSPO"],"hierarchyPath":[{"id":"1591691225974003","name":"Taikinat","slug":"pakasteet-1/leivonnais-ja-leipapakasteet/taikinat","__typename":"HierarchyPathItem"},{"id":"Herkku_00000125","name":"Leivonnais- ja leipäpakasteet","slug":"pakasteet-1/leivonnais-ja-leipapakasteet","__typename":"HierarchyPathItem"},{"id":"Herkku_00000013","name":"Pakasteet","slug":"pakasteet-1","__typename":"HierarchyPathItem"}],"isGlobalFallback":null,"countryName":{"fi":"Suomi","__typename":"CountryName"}},{"id":"6432802512414","ean":"6432802512414","name":"Amer 450*500*0.170 Thermokassi","price":1.4,"storeId":725782447,"__typename":"Product","approxPrice":false,"basicQuantityUnit":"KPL","comparisonPrice":1.4,"comparisonUnit":"PCE","consumerPackageSize":null,"consumerPackageUnit":null,"priceUnit":"KPL","quantityMultiplier":1,"brandName":"Amerplast","slug":"amer-4505000170-thermokassi","isAgeLimitedByAlcohol":false,"frozen":false,"packagingLabels":[],"packagingLabelCodes":[],"hierarchyPath":[{"id":"1591691250222298","name":"Kassit","slug":"koti-ja-vapaa-aika/kassit/kassit","__typename":"HierarchyPathItem"},{"id":"Herkku_00000142","name":"Kassit","slug":"koti-ja-vapaa-aika/kassit","__typename":"HierarchyPathItem"},{"id":"Herkku_00000002","name":"Koti ja vapaa-aika","slug":"koti-ja-vapaa-aika","__typename":"HierarchyPathItem"}],"isGlobalFallback":null,"countryName":{"fi":"Suomi","__typename":"CountryName"}},{"id":"6432802512445","ean":"6432802512445","name":"Amer Thermo 430*530*0.170 kukkakassi","price":1.15,"storeId":725782447,"__typename":"Product","approxPrice":false,"basicQuantityUnit":"KPL","comparisonPrice":1.15,"comparisonUnit":"PCE","consumerPackageSize":null,"consumerPackageUnit":null,"priceUnit":"KPL","quantityMultiplier":1,"brandName":"Amerplast","slug":"amer-thermo-4305300170-kukkakassi","isAgeLimitedByAlcohol":false,"frozen":false,"packagingLabels":["Avainlippu"],"packagingLabelCodes":["MADE_IN_FINLAND_FLAG_WITH_KEY"],"hierarchyPath":[{"id":"1591691250222298","name":"Kassit","slug":"koti-ja-vapaa-aika/kassit/kassit","__typename":"HierarchyPathItem"},{"id":"Herkku_00000142","name":"Kassit","slug":"koti-ja-vapaa-aika/kassit","__typename":"HierarchyPathItem"},{"id":"Herkku_00000002","name":"Koti ja vapaa-aika","slug":"koti-ja-vapaa-aika","__typename":"HierarchyPathItem"}],"isGlobalFallback":null,"countryName":{"fi":"Suomi","__typename":"CountryName"}},{"id":"6435200001948","ean":"6435200001948","name":"Airam uuni- ja jääkaappilamppu 15W 2700K E14 80lm 1000h","price":2.49,"storeId":725782447,"__typename":"Product","approxPrice":false,"basicQuantityUnit":"KPL","comparisonPrice":2.49,"comparisonUnit":"PCE","consumerPackageSize":null,"consumerPackageUnit":null,"priceUnit":"KPL","quantityMultiplier":1,"brandName":"Airam","slug":"airam-uuni-ja-jaakaappilamppu-15w-2700k-e14-80lm-1000h","isAgeLimitedByAlcohol":false,"frozen":false,"packagingLabels":[],"packagingLabelCodes":[],"hierarchyPath":null,"isGlobalFallback":null,"countryName":{"fi":"Kiina","__typename":"CountryName"}},{"id":"6435200127495","ean":"6435200127495","name":"Airam 10W JC 12V G4 Halogen","price":2.69,"storeId":725782447,"__typename":"Product","approxPrice":false,"basicQuantityUnit":"KPL","comparisonPrice":1.35,"comparisonUnit":"PCE","consumerPackageSize":null,"consumerPackageUnit":null,"priceUnit":"KPL","quantityMultiplier":1,"brandName":"Airam","slug":"airam-10w-jc-12v-g4-halogen","isAgeLimitedByAlcohol":false,"frozen":false,"packagingLabels":[],"packagingLabelCodes":[],"hierarchyPath":null,"isGlobalFallback":null,"countryName":{"fi":"Kiina","__typename":"CountryName"}},{"id":"6435200164629","ean":"6435200164629","name":"Airam halogeenilamppu 18W 2800K G9 205lm 2000h 13x42mm, 2 kpl","price":3.65,"storeId":725782447,"__typename":"Product","approxPrice":false,"basicQuantityUnit":"KPL","comparisonPrice":1.83,"comparisonUnit":"PCE","consumerPackageSize":null,"consumerPackageUnit":null,"priceUnit":"KPL","quantityMultiplier":1,"brandName":"Airam","slug":"airam-halogeenilamppu-18w-2800k-g9-205lm-2000h-13x42mm-2-kpl","isAgeLimitedByAlcohol":false,"frozen":false,"packagingLabels":[],"packagingLabelCodes":[],"hierarchyPath":null,"isGlobalFallback":null,"countryName":{"fi":"Kiina","__typename":"CountryName"}},{"id":"6435200164650","ean":"6435200164650","name":"Airam halogeenilamppu 28W 2800K G9 370lm 2000h","price":3.65,"storeId":725782447,"__typename":"Product","approxPrice":false,"basicQuantityUnit":"KPL","comparisonPrice":1.83,"comparisonUnit":"PCE","consumerPackageSize":null,"consumerPackageUnit":null,"priceUnit":"KPL","quantityMultiplier":1,"brandName":"Airam","slug":"airam-halogeenilamppu-28w-2800k-g9-370lm-2000h","isAgeLimitedByAlcohol":false,"frozen":false,"packagingLabels":[],"packagingLabelCodes":[],"hierarchyPath":null,"isGlobalFallback":null,"countryName":{"fi":"Kiina","__typename":"CountryName"}},{"id":"6435200178718","ean":"6435200178718","name":"Airam Ecohalogen 40 G9 2-pack blister 600lm 2000h","price":3.59,"storeId":725782447,"__typename":"Product","approxPrice":false,"basicQuantityUnit":"KPL","comparisonPrice":1.8,"comparisonUnit":"PCE","consumerPackageSize":null,"consumerPackageUnit":null,"priceUnit":"KPL","quantityMultiplier":1,"brandName":"Airam","slug":"airam-ecohalogen-40-g9-2-pack-blister-600lm-2000h","isAgeLimitedByAlcohol":false,"frozen":false,"packagingLabels":[],"packagingLabelCodes":[],"hierarchyPath":null,"isGlobalFallback":null,"countryName":{"fi":"Kiina","__typename":"CountryName"}},{"id":"6435200190178","ean":"6435200190178","name":"Kohdelamppu R50 Led 6W E14 450lm/125cd","price":4.55,"storeId":725782447,"__typename":"Product","approxPrice":false,"basicQuantityUnit":"KPL","comparisonPrice":4.55,"comparisonUnit":"PCE","consumerPackageSize":null,"consumerPackageUnit":null,"priceUnit":"KPL","quantityMultiplier":1,"brandName":"Airam","slug":"kohdelamppu-r50-led-6w-e14-450lm125cd","isAgeLimitedByAlcohol":false,"frozen":false,"packagingLabels":[],"packagingLabelCodes":[],"hierarchyPath":null,"isGlobalFallback":null,"countryName":{"fi":"Kiina","__typename":"CountryName"}},{"id":"6435200203397","ean":"6435200203397","name":"Airam LED Oiva 6W E14 mainos 470lm 3000K","price":2.75,"storeId":725782447,"__typename":"Product","approxPrice":false,"basicQuantityUnit":"KPL","comparisonPrice":2.75,"comparisonUnit":"PCE","consumerPackageSize":null,"consumerPackageUnit":null,"priceUnit":"KPL","quantityMultiplier":1,"brandName":"Airam","slug":"airam-led-oiva-6w-e14-mainos-470lm-3000k","isAgeLimitedByAlcohol":false,"frozen":false,"packagingLabels":[],"packagingLabelCodes":[],"hierarchyPath":null,"isGlobalFallback":null,"countryName":{"fi":"Kiina","__typename":"CountryName"}},{"id":"6435200203458","ean":"6435200203458","name":"Airam Oiva LED 6,5W E27 vakiolamppu 470lm 3000K 15 000h","price":2.75,"storeId":725782447,"__typename":"Product","approxPrice":false,"basicQuantityUnit":"KPL","comparisonPrice":2.75,"comparisonUnit":"PCE","consumerPackageSize":null,"consumerPackageUnit":null,"priceUnit":"KPL","quantityMultiplier":1,"brandName":"Airam","slug":"airam-oiva-led-6-5w-e27-vakiolamppu-470lm-3000k-15-000h","isAgeLimitedByAlcohol":false,"frozen":false,"packagingLabels":[],"packagingLabelCodes":[],"hierarchyPath":null,"isGlobalFallback":null,"countryName":{"fi":"Kiina","__typename":"CountryName"}},{"id":"6435200203472","ean":"6435200203472","name":"Airam Oiva LED 8W E27 vakiolamppu 806lm 3000K 15 000h","price":2.75,"storeId":725782447,"__typename":"Product","approxPrice":false,"basicQuantityUnit":"KPL","comparisonPrice":2.75,"comparisonUnit":"PCE","consumerPackageSize":null,"consumerPackageUnit":null,"priceUnit":"KPL","quantityMultiplier":1,"brandName":"Airam","slug":"airam-oiva-led-8w-e27-vakiolamppu-806lm-3000k-15-000h","isAgeLimitedByAlcohol":false,"frozen":false,"packagingLabels":[],"packagingLabelCodes":[],"hierarchyPath":null,"isGlobalFallback":null,"countryName":{"fi":"Kiina","__typename":"CountryName"}},{"id":"6435200215185","ean":"6435200215185","name":"Airam LED 5,5W/840 E14 kynttilä 500lm","price":2.95,"storeId":725782447,"__typename":"Product","approxPrice":false,"basicQuantityUnit":"KPL","comparisonPrice":2.95,"comparisonUnit":"PCE","consumerPackageSize":null,"consumerPackageUnit":null,"priceUnit":"KPL","quantityMultiplier":1,"brandName":"Airam","slug":"airam-led-5-5w840-e14-kynttila-500lm","isAgeLimitedByAlcohol":false,"frozen":false,"packagingLabels":[],"packagingLabelCodes":[],"hierarchyPath":null,"isGlobalFallback":null,"countryName":{"fi":"Kiina","__typename":"CountryName"}},{"id":"6435200215208","ean":"6435200215208","name":"Airam LED 5,5W/840 E14 mainos 500lm","price":2.95,"storeId":725782447,"__typename":"Product","approxPrice":false,"basicQuantityUnit":"KPL","comparisonPrice":2.95,"comparisonUnit":"PCE","consumerPackageSize":null,"consumerPackageUnit":null,"priceUnit":"KPL","quantityMultiplier":1,"brandName":"Airam","slug":"airam-led-5-5w840-e14-mainos-500lm","isAgeLimitedByAlcohol":false,"frozen":false,"packagingLabels":[],"packagingLabelCodes":[],"hierarchyPath":null,"isGlobalFallback":null,"countryName":{"fi":"Kiina","__typename":"CountryName"}},{"id":"6435200215246","ean":"6435200215246","name":"Airam LED 8W/840 E27 vakiolamppu 806lm","price":2.95,"storeId":725782447,"__typename":"Product","approxPrice":false,"basicQuantityUnit":"KPL","comparisonPrice":2.95,"comparisonUnit":"PCE","consumerPackageSize":null,"consumerPackageUnit":null,"priceUnit":"KPL","quantityMultiplier":1,"brandName":"Airam","slug":"airam-led-8w840-e27-vakiolamppu-806lm","isAgeLimitedByAlcohol":false,"frozen":false,"packagingLabels":[],"packagingLabelCodes":[],"hierarchyPath":null,"isGlobalFallback":null,"countryName":{"fi":"Kiina","__typename":"CountryName"}},{"id":"6435200232908","ean":"6435200232908","name":"Airam TC-S 9W G23 565lm 2700K","price":3.39,"storeId":725782447,"__typename":"Product","approxPrice":false,"basicQuantityUnit":"KPL","comparisonPrice":3.39,"comparisonUnit":"PCE","consumerPackageSize":null,"consumerPackageUnit":null,"priceUnit":"KPL","quantityMultiplier":1,"brandName":"Airam","slug":"airam-tc-s-9w-g23-565lm-2700k","isAgeLimitedByAlcohol":false,"frozen":false,"packagingLabels":[],"packagingLabelCodes":[],"hierarchyPath":null,"isGlobalFallback":null,"countryName":{"fi":"Kiina","__typename":"CountryName"}},{"id":"6435200232922","ean":"6435200232922","name":"Airam energiansäästölamppu pistokanta 11W G23 2700K 900lm","price":3.49,"storeId":725782447,"__typename":"Product","approxPrice":false,"basicQuantityUnit":"KPL","comparisonPrice":3.49,"comparisonUnit":"PCE","consumerPackageSize":null,"consumerPackageUnit":null,"priceUnit":"KPL","quantityMultiplier":1,"brandName":"Airam","slug":"airam-energiansaastolamppu-pistokanta-11w-g23-2700k-900lm","isAgeLimitedByAlcohol":false,"frozen":false,"packagingLabels":[],"packagingLabelCodes":[],"hierarchyPath":null,"isGlobalFallback":null,"countryName":{"fi":"Kiina","__typename":"CountryName"}},{"id":"6435200242624","ean":"6435200242624","name":"Airam LED-kynttilälamppu 4,5W E14 470LM 2700K","price":2.95,"storeId":725782447,"__typename":"Product","approxPrice":false,"basicQuantityUnit":"KPL","comparisonPrice":2.95,"comparisonUnit":"PCE","consumerPackageSize":null,"consumerPackageUnit":null,"priceUnit":"KPL","quantityMultiplier":1,"brandName":"Airam","slug":"airam-led-kynttilalamppu-4-5w-e14-470lm-2700k","isAgeLimitedByAlcohol":false,"frozen":false,"packagingLabels":[],"packagingLabelCodes":[],"hierarchyPath":null,"isGlobalFallback":null,"countryName":{"fi":"Kiina","__typename":"CountryName"}},{"id":"6435200249036","ean":"6435200249036","name":"Airam halogeenilamppu 16W G4 12V 278lm 2kpl","price":2.89,"storeId":725782447,"__typename":"Product","approxPrice":false,"basicQuantityUnit":"KPL","comparisonPrice":1.45,"comparisonUnit":"PCE","consumerPackageSize":null,"consumerPackageUnit":null,"priceUnit":"KPL","quantityMultiplier":1,"brandName":"Airam","slug":"airam-halogeenilamppu-16w-g4-12v-278lm-2kpl","isAgeLimitedByAlcohol":false,"frozen":false,"packagingLabels":[],"packagingLabelCodes":[],"hierarchyPath":null,"isGlobalFallback":null,"countryName":{"fi":"Kiina","__typename":"CountryName"}},{"id":"6435200258014","ean":"6435200258014","name":"Airam Led kohde R50 opaali 6,2W E14 110D 450lm/130cd 4000K","price":4.55,"storeId":725782447,"__typename":"Product","approxPrice":false,"basicQuantityUnit":"KPL","comparisonPrice":4.55,"comparisonUnit":"PCE","consumerPackageSize":null,"consumerPackageUnit":null,"priceUnit":"KPL","quantityMultiplier":1,"brandName":"Airam","slug":"airam-led-kohde-r50-opaali-6-2w-e14-110d-450lm130cd-4000k","isAgeLimitedByAlcohol":false,"frozen":false,"packagingLabels":[],"packagingLabelCodes":[],"hierarchyPath":null,"isGlobalFallback":null,"countryName":{"fi":"Kiina","__typename":"CountryName"}},{"id":"6436000001749","ean":"6436000001749","name":"Brunberg Tumma suklaa laktoositon 150g","price":2.45,"storeId":725782447,"__typename":"Product","approxPrice":false,"basicQuantityUnit":"KPL","comparisonPrice":16.33,"comparisonUnit":"KGM","consumerPackageSize":null,"consumerPackageUnit":null,"priceUnit":"KPL","quantityMultiplier":1,"brandName":"Brunberg","slug":"brunberg-tumma-suklaa-laktoositon-150g","isAgeLimitedByAlcohol":false,"frozen":false,"packagingLabels":[],"packagingLabelCodes":[],"hierarchyPath":[{"id":"Herkku_00000334","name":"Suklaalevyt","slug":"makeiset-ja-naposteltavat-1/suklaat/suklaalevyt","__typename":"HierarchyPathItem"},{"id":"Herkku_00000060","name":"Suklaat","slug":"makeiset-ja-naposteltavat-1/suklaat","__typename":"HierarchyPathItem"},{"id":"Herkku_00000009","name":"Makeiset ja naposteltavat","slug":"makeiset-ja-naposteltavat-1","__typename":"HierarchyPathItem"}],"isGlobalFallback":null,"countryName":{"fi":"Suomi","__typename":"CountryName"}},{"id":"6436000017504","ean":"6436000017504","name":"Brunberg Sokeriton suklaa 50g","price":1.25,"storeId":725782447,"__typename":"Product","approxPrice":false,"basicQuantityUnit":"KPL","comparisonPrice":25,"comparisonUnit":"KGM","consumerPackageSize":null,"consumerPackageUnit":null,"priceUnit":"KPL","quantityMultiplier":1,"brandName":"Brunberg","slug":"brunberg-sokeriton-suklaa-50g","isAgeLimitedByAlcohol":false,"frozen":false,"packagingLabels":[],"packagingLabelCodes":[],"hierarchyPath":[{"id":"Herkku_00000334","name":"Suklaalevyt","slug":"makeiset-ja-naposteltavat-1/suklaat/suklaalevyt","__typename":"HierarchyPathItem"},{"id":"Herkku_00000060","name":"Suklaat","slug":"makeiset-ja-naposteltavat-1/suklaat","__typename":"HierarchyPathItem"},{"id":"Herkku_00000009","name":"Makeiset ja naposteltavat","slug":"makeiset-ja-naposteltavat-1","__typename":"HierarchyPathItem"}],"isGlobalFallback":null,"countryName":{"fi":"Suomi","__typename":"CountryName"}},{"id":"6436000091207","ean":"6436000091207","name":"Brunberg Mansikkasuukko kuorrutettuja vaahtomakeisia 150g/6kpl","price":2.95,"storeId":725782447,"__typename":"Product","approxPrice":false,"basicQuantityUnit":"KPL","comparisonPrice":19.67,"comparisonUnit":"KGM","consumerPackageSize":null,"consumerPackageUnit":null,"priceUnit":"KPL","quantityMultiplier":1,"brandName":"Brunberg","slug":"brunberg-mansikkasuukko-kuorrutettuja-vaahtomakeisia-150g6kpl","isAgeLimitedByAlcohol":false,"frozen":false,"packagingLabels":[],"packagingLabelCodes":[],"hierarchyPath":[{"id":"Herkku_00000341","name":"Suklaamakeiset","slug":"makeiset-ja-naposteltavat-1/sesonki-ja-lahjamakeiset/suklaamakeiset","__typename":"HierarchyPathItem"},{"id":"Herkku_00000061","name":"Sesonki- ja lahjamakeiset","slug":"makeiset-ja-naposteltavat-1/sesonki-ja-lahjamakeiset","__typename":"HierarchyPathItem"},{"id":"Herkku_00000009","name":"Makeiset ja naposteltavat","slug":"makeiset-ja-naposteltavat-1","__typename":"HierarchyPathItem"}],"isGlobalFallback":null,"countryName":{"fi":"Suomi","__typename":"CountryName"}},{"id":"6436501000210","ean":"6436501000210","name":"Salliselta Maapähkinä 250g","price":1.59,"storeId":725782447,"__typename":"Product","approxPrice":false,"basicQuantityUnit":"KPL","comparisonPrice":6.36,"comparisonUnit":"KGM","consumerPackageSize":null,"consumerPackageUnit":null,"priceUnit":"KPL","quantityMultiplier":1,"brandName":"Salliselta","slug":"salliselta-maapahkina-250g","isAgeLimitedByAlcohol":false,"frozen":false,"packagingLabels":[],"packagingLabelCodes":[],"hierarchyPath":[{"id":"Herkku_00000305","name":"Pähkinät","slug":"kuivatuotteet-ja-leivonta-1/siemenet-pahkinat-ja-kuivatut-hedelmat/pahkinat","__typename":"HierarchyPathItem"},{"id":"Herkku_00000050","name":"Siemenet, pähkinät ja kuivatut hedelmät","slug":"kuivatuotteet-ja-leivonta-1/siemenet-pahkinat-ja-kuivatut-hedelmat","__typename":"HierarchyPathItem"},{"id":"Herkku_00000007","name":"Kuivatuotteet ja leivonta","slug":"kuivatuotteet-ja-leivonta-1","__typename":"HierarchyPathItem"}],"isGlobalFallback":null,"countryName":{"fi":"Yhdysvallat","__typename":"CountryName"}},{"id":"6436501000623","ean":"6436501000623","name":"Salliselta Viikuna 250g","price":2.39,"storeId":725782447,"__typename":"Product","approxPrice":false,"basicQuantityUnit":"KPL","comparisonPrice":9.56,"comparisonUnit":"KGM","consumerPackageSize":null,"consumerPackageUnit":null,"priceUnit":"KPL","quantityMultiplier":1,"brandName":"Sallinen","slug":"salliselta-viikuna-250g","isAgeLimitedByAlcohol":false,"frozen":false,"packagingLabels":[],"packagingLabelCodes":[],"hierarchyPath":[{"id":"Herkku_00000306","name":"Kuivatut hedelmät ja marjat","slug":"kuivatuotteet-ja-leivonta-1/siemenet-pahkinat-ja-kuivatut-hedelmat/kuivatut-hedelmat-ja-marjat","__typename":"HierarchyPathItem"},{"id":"Herkku_00000050","name":"Siemenet, pähkinät ja kuivatut hedelmät","slug":"kuivatuotteet-ja-leivonta-1/siemenet-pahkinat-ja-kuivatut-hedelmat","__typename":"HierarchyPathItem"},{"id":"Herkku_00000007","name":"Kuivatuotteet ja leivonta","slug":"kuivatuotteet-ja-leivonta-1","__typename":"HierarchyPathItem"}],"isGlobalFallback":null,"countryName":{"fi":"Turkki","__typename":"CountryName"}},{"id":"6436501000807","ean":"6436501000807","name":"Salliselta Kardemumma 8g","price":0.98,"storeId":725782447,"__typename":"Product","approxPrice":false,"basicQuantityUnit":"KPL","comparisonPrice":122.5,"comparisonUnit":"KGM","consumerPackageSize":null,"consumerPackageUnit":null,"priceUnit":"KPL","quantityMultiplier":1,"brandName":"Salliselta","slug":"salliselta-kardemumma-8g","isAgeLimitedByAlcohol":false,"frozen":false,"packagingLabels":[],"packagingLabelCodes":[],"hierarchyPath":[{"id":"Herkku_00000414","name":"Leivontamausteet","slug":"oljyt-mausteet-maustaminen-1/mausteet/leivontamausteet","__typename":"HierarchyPathItem"},{"id":"Herkku_00000075","name":"Mausteet","slug":"oljyt-mausteet-maustaminen-1/mausteet","__typename":"HierarchyPathItem"},{"id":"Herkku_00000011","name":"Öljyt, mausteet, maustaminen","slug":"oljyt-mausteet-maustaminen-1","__typename":"HierarchyPathItem"}],"isGlobalFallback":null,"countryName":{"fi":"Guatemala","__typename":"CountryName"}},{"id":"6436501000869","ean":"6436501000869","name":"Salliselta Pellavansiemen 400g","price":1.95,"storeId":725782447,"__typename":"Product","approxPrice":false,"basicQuantityUnit":"KPL","comparisonPrice":4.88,"comparisonUnit":"KGM","consumerPackageSize":null,"consumerPackageUnit":null,"priceUnit":"KPL","quantityMultiplier":1,"brandName":"Sallinen","slug":"salliselta-pellavansiemen-400g","isAgeLimitedByAlcohol":false,"frozen":false,"packagingLabels":[],"packagingLabelCodes":[],"hierarchyPath":[{"id":"Herkku_00000307","name":"Siemenet","slug":"kuivatuotteet-ja-leivonta-1/siemenet-pahkinat-ja-kuivatut-hedelmat/siemenet","__typename":"HierarchyPathItem"},{"id":"Herkku_00000050","name":"Siemenet, pähkinät ja kuivatut hedelmät","slug":"kuivatuotteet-ja-leivonta-1/siemenet-pahkinat-ja-kuivatut-hedelmat","__typename":"HierarchyPathItem"},{"id":"Herkku_00000007","name":"Kuivatuotteet ja leivonta","slug":"kuivatuotteet-ja-leivonta-1","__typename":"HierarchyPathItem"}],"isGlobalFallback":null,"countryName":{"fi":"Kazakstan","__typename":"CountryName"}},{"id":"6436501001101","ean":"6436501001101","name":"Salliselta Mantelimassa 150g","price":2.95,"storeId":725782447,"__typename":"Product","approxPrice":false,"basicQuantityUnit":"KPL","comparisonPrice":19.67,"comparisonUnit":"KGM","consumerPackageSize":null,"consumerPackageUnit":null,"priceUnit":"KPL","quantityMultiplier":1,"brandName":"Salliselta","slug":"salliselta-mantelimassa-150g","isAgeLimitedByAlcohol":false,"frozen":false,"packagingLabels":[],"packagingLabelCodes":[],"hierarchyPath":[{"id":"Herkku_00000403","name":"Kuorrutteet&täytteet","slug":"kuivatuotteet-ja-leivonta-1/leivontatarvikkeet/kuorrutteetandtaytteet","__typename":"HierarchyPathItem"},{"id":"Herkku_00000072","name":"Leivontatarvikkeet","slug":"kuivatuotteet-ja-leivonta-1/leivontatarvikkeet","__typename":"HierarchyPathItem"},{"id":"Herkku_00000007","name":"Kuivatuotteet ja leivonta","slug":"kuivatuotteet-ja-leivonta-1","__typename":"HierarchyPathItem"}],"isGlobalFallback":null,"countryName":{"fi":"Tanska","__typename":"CountryName"}},{"id":"6436501001972","ean":"6436501001972","name":"Salliselta Nonparelli moniväri 100g","price":1.45,"storeId":725782447,"__typename":"Product","approxPrice":false,"basicQuantityUnit":"KPL","comparisonPrice":14.5,"comparisonUnit":"KGM","consumerPackageSize":null,"consumerPackageUnit":null,"priceUnit":"KPL","quantityMultiplier":1,"brandName":"Salliselta","slug":"salliselta-nonparelli-monivari-100g","isAgeLimitedByAlcohol":false,"frozen":false,"packagingLabels":[],"packagingLabelCodes":[],"hierarchyPath":[{"id":"Herkku_00000405","name":"Koristeet","slug":"kuivatuotteet-ja-leivonta-1/leivontatarvikkeet/koristeet","__typename":"HierarchyPathItem"},{"id":"Herkku_00000072","name":"Leivontatarvikkeet","slug":"kuivatuotteet-ja-leivonta-1/leivontatarvikkeet","__typename":"HierarchyPathItem"},{"id":"Herkku_00000007","name":"Kuivatuotteet ja leivonta","slug":"kuivatuotteet-ja-leivonta-1","__typename":"HierarchyPathItem"}],"isGlobalFallback":null,"countryName":{"fi":"Suomi","__typename":"CountryName"}},{"id":"6436501025893","ean":"6436501025893","name":"Salliselta kirsikka punainen kandeerattu 100g","price":1.65,"storeId":725782447,"__typename":"Product","approxPrice":false,"basicQuantityUnit":"KPL","comparisonPrice":16.5,"comparisonUnit":"KGM","consumerPackageSize":null,"consumerPackageUnit":null,"priceUnit":"KPL","quantityMultiplier":1,"brandName":"Salliselta","slug":"salliselta-kirsikka-punainen-kandeerattu-100g","isAgeLimitedByAlcohol":false,"frozen":false,"packagingLabels":[],"packagingLabelCodes":[],"hierarchyPath":[{"id":"Herkku_00000403","name":"Kuorrutteet&täytteet","slug":"kuivatuotteet-ja-leivonta-1/leivontatarvikkeet/kuorrutteetandtaytteet","__typename":"HierarchyPathItem"},{"id":"Herkku_00000072","name":"Leivontatarvikkeet","slug":"kuivatuotteet-ja-leivonta-1/leivontatarvikkeet","__typename":"HierarchyPathItem"},{"id":"Herkku_00000007","name":"Kuivatuotteet ja leivonta","slug":"kuivatuotteet-ja-leivonta-1","__typename":"HierarchyPathItem"}],"isGlobalFallback":null,"countryName":{"fi":"Alankomaat","__typename":"CountryName"}},{"id":"6436501029242","ean":"6436501029242","name":"Salliselta Sokerimassa valkoinen 250g","price":2.75,"storeId":725782447,"__typename":"Product","approxPrice":false,"basicQuantityUnit":"KPL","comparisonPrice":11,"comparisonUnit":"KGM","consumerPackageSize":null,"consumerPackageUnit":null,"priceUnit":"KPL","quantityMultiplier":1,"brandName":"Salliselta","slug":"salliselta-sokerimassa-valkoinen-250g","isAgeLimitedByAlcohol":false,"frozen":false,"packagingLabels":[],"packagingLabelCodes":[],"hierarchyPath":[{"id":"Herkku_00000403","name":"Kuorrutteet&täytteet","slug":"kuivatuotteet-ja-leivonta-1/leivontatarvikkeet/kuorrutteetandtaytteet","__typename":"HierarchyPathItem"},{"id":"Herkku_00000072","name":"Leivontatarvikkeet","slug":"kuivatuotteet-ja-leivonta-1/leivontatarvikkeet","__typename":"HierarchyPathItem"},{"id":"Herkku_00000007","name":"Kuivatuotteet ja leivonta","slug":"kuivatuotteet-ja-leivonta-1","__typename":"HierarchyPathItem"}],"isGlobalFallback":null,"countryName":{"fi":"Tanska","__typename":"CountryName"}},{"id":"6437002001454","ean":"6437002001454","name":"Vaasan Ruispalat  660g 12 kpl täysjyväruispalaleipä","price":2.05,"storeId":725782447,"__typename":"Product","approxPrice":false,"basicQuantityUnit":"KPL","comparisonPrice":3.11,"comparisonUnit":"KGM","consumerPackageSize":null,"consumerPackageUnit":null,"priceUnit":"KPL","quantityMultiplier":1,"brandName":"Vaasan","slug":"vaasan-ruispalat-660g-12-kpl-taysjyvaruispalaleipa","isAgeLimitedByAlcohol":false,"frozen":false,"packagingLabels":["Hyvää Suomesta (Sininen Joutsen)"],"packagingLabelCodes":["GOODS_FROM_FINLAND_BLUE_SWAN"],"hierarchyPath":[{"id":"StructureGroup_507756644163854","name":"Tummat leivät","slug":"leivat-keksit-ja-leivonnaiset-1/leivat/tummat-leivat","__typename":"HierarchyPathItem"},{"id":"StructureGroup_1796559627347513","name":"Leivät","slug":"leivat-keksit-ja-leivonnaiset-1/leivat","__typename":"HierarchyPathItem"},{"id":"Herkku_00000008","name":"Leivät, keksit ja leivonnaiset","slug":"leivat-keksit-ja-leivonnaiset-1","__typename":"HierarchyPathItem"}],"isGlobalFallback":null,"countryName":{"fi":"Suomi","__typename":"CountryName"}},{"id":"6437002001911","ean":"6437002001911","name":"Vaasan Ranskanleipä 350 g vehnäleipä","price":1.55,"storeId":725782447,"__typename":"Product","approxPrice":false,"basicQuantityUnit":"KPL","comparisonPrice":4.43,"comparisonUnit":"KGM","consumerPackageSize":null,"consumerPackageUnit":null,"priceUnit":"KPL","quantityMultiplier":1,"brandName":"Vaasan","slug":"vaasan-ranskanleipa-350-g-vehnaleipa","isAgeLimitedByAlcohol":false,"frozen":false,"packagingLabels":["Hyvää Suomesta (Sininen Joutsen)"],"packagingLabelCodes":["GOODS_FROM_FINLAND_BLUE_SWAN"],"hierarchyPath":[{"id":"1591691250986235","name":"Muut vaaleat leivät","slug":"leivat-keksit-ja-leivonnaiset-1/leivat/muut-vaaleat-leivat","__typename":"HierarchyPathItem"},{"id":"StructureGroup_1796559627347513","name":"Leivät","slug":"leivat-keksit-ja-leivonnaiset-1/leivat","__typename":"HierarchyPathItem"},{"id":"Herkku_00000008","name":"Leivät, keksit ja leivonnaiset","slug":"leivat-keksit-ja-leivonnaiset-1","__typename":"HierarchyPathItem"}],"isGlobalFallback":null,"countryName":{"fi":"Suomi","__typename":"CountryName"}},{"id":"6437005004735","ean":"6437005004735","name":"Vaasan Tumma Joululimppu 500g viipaloitu maustettu sekaleipä","price":1.99,"storeId":725782447,"__typename":"Product","approxPrice":false,"basicQuantityUnit":"KPL","comparisonPrice":3.98,"comparisonUnit":"KGM","consumerPackageSize":null,"consumerPackageUnit":null,"priceUnit":"KPL","quantityMultiplier":1,"brandName":"Vaasan","slug":"vaasan-tumma-joululimppu-500g-viipaloitu-maustettu-sekaleipa","isAgeLimitedByAlcohol":false,"frozen":false,"packagingLabels":["Hyvää Suomesta (Sininen Joutsen)"],"packagingLabelCodes":["GOODS_FROM_FINLAND_BLUE_SWAN"],"hierarchyPath":[{"id":"StructureGroup_507756644163854","name":"Tummat leivät","slug":"leivat-keksit-ja-leivonnaiset-1/leivat/tummat-leivat","__typename":"HierarchyPathItem"},{"id":"StructureGroup_1796559627347513","name":"Leivät","slug":"leivat-keksit-ja-leivonnaiset-1/leivat","__typename":"HierarchyPathItem"},{"id":"Herkku_00000008","name":"Leivät, keksit ja leivonnaiset","slug":"leivat-keksit-ja-leivonnaiset-1","__typename":"HierarchyPathItem"}],"isGlobalFallback":null,"countryName":{"fi":"Suomi","__typename":"CountryName"}},{"id":"6437005031298","ean":"6437005031298","name":"Vaasan Maalaisviipaleet 500 g viipaloitu vehnäsekaleipä","price":1.75,"storeId":725782447,"__typename":"Product","approxPrice":false,"basicQuantityUnit":"KPL","comparisonPrice":3.5,"comparisonUnit":"KGM","consumerPackageSize":null,"consumerPackageUnit":null,"priceUnit":"KPL","quantityMultiplier":1,"brandName":"Vaasan","slug":"vaasan-maalaisviipaleet-500-g-viipaloitu-vehnasekaleipa","isAgeLimitedByAlcohol":false,"frozen":false,"packagingLabels":["Hyvää Suomesta (Sininen Joutsen)"],"packagingLabelCodes":["GOODS_FROM_FINLAND_BLUE_SWAN"],"hierarchyPath":[{"id":"1591691250986231","name":"Sekaleivät","slug":"leivat-keksit-ja-leivonnaiset-1/leivat/sekaleivat","__typename":"HierarchyPathItem"},{"id":"StructureGroup_1796559627347513","name":"Leivät","slug":"leivat-keksit-ja-leivonnaiset-1/leivat","__typename":"HierarchyPathItem"},{"id":"Herkku_00000008","name":"Leivät, keksit ja leivonnaiset","slug":"leivat-keksit-ja-leivonnaiset-1","__typename":"HierarchyPathItem"}],"isGlobalFallback":null,"countryName":{"fi":"Suomi","__typename":"CountryName"}},{"id":"6437005040986","ean":"6437005040986","name":"Vaasan ISOpaahto Graham 500 g paahtoleipä","price":2.45,"storeId":725782447,"__typename":"Product","approxPrice":false,"basicQuantityUnit":"KPL","comparisonPrice":4.9,"comparisonUnit":"KGM","consumerPackageSize":null,"consumerPackageUnit":null,"priceUnit":"KPL","quantityMultiplier":1,"brandName":"Vaasan","slug":"vaasan-isopaahto-graham-500-g-paahtoleipa","isAgeLimitedByAlcohol":false,"frozen":false,"packagingLabels":[],"packagingLabelCodes":[],"hierarchyPath":[{"id":"1591691250986228","name":"Paahtoleivät","slug":"leivat-keksit-ja-leivonnaiset-1/leivat/paahtoleivat","__typename":"HierarchyPathItem"},{"id":"StructureGroup_1796559627347513","name":"Leivät","slug":"leivat-keksit-ja-leivonnaiset-1/leivat","__typename":"HierarchyPathItem"},{"id":"Herkku_00000008","name":"Leivät, keksit ja leivonnaiset","slug":"leivat-keksit-ja-leivonnaiset-1","__typename":"HierarchyPathItem"}],"isGlobalFallback":null,"countryName":{"fi":"Viro","__typename":"CountryName"}},{"id":"6437005041020","ean":"6437005041020","name":"Vaasan ISOpaahto Monivilja 525 g moniviljapaahtoleipä","price":2.45,"storeId":725782447,"__typename":"Product","approxPrice":false,"basicQuantityUnit":"KPL","comparisonPrice":4.67,"comparisonUnit":"KGM","consumerPackageSize":null,"consumerPackageUnit":null,"priceUnit":"KPL","quantityMultiplier":1,"brandName":"Vaasan","slug":"vaasan-isopaahto-monivilja-525-g-moniviljapaahtoleipa","isAgeLimitedByAlcohol":false,"frozen":false,"packagingLabels":[],"packagingLabelCodes":[],"hierarchyPath":[{"id":"1591691250986228","name":"Paahtoleivät","slug":"leivat-keksit-ja-leivonnaiset-1/leivat/paahtoleivat","__typename":"HierarchyPathItem"},{"id":"StructureGroup_1796559627347513","name":"Leivät","slug":"leivat-keksit-ja-leivonnaiset-1/leivat","__typename":"HierarchyPathItem"},{"id":"Herkku_00000008","name":"Leivät, keksit ja leivonnaiset","slug":"leivat-keksit-ja-leivonnaiset-1","__typename":"HierarchyPathItem"}],"isGlobalFallback":null,"countryName":{"fi":"Viro","__typename":"CountryName"}},{"id":"6437005041068","ean":"6437005041068","name":"Vaasan ISOpaahto Vehnä 500 g paahtoleipä","price":2.45,"storeId":725782447,"__typename":"Product","approxPrice":false,"basicQuantityUnit":"KPL","comparisonPrice":4.9,"comparisonUnit":"KGM","consumerPackageSize":null,"consumerPackageUnit":null,"priceUnit":"KPL","quantityMultiplier":1,"brandName":"Vaasan","slug":"vaasan-isopaahto-vehna-500-g-paahtoleipa","isAgeLimitedByAlcohol":false,"frozen":false,"packagingLabels":[],"packagingLabelCodes":[],"hierarchyPath":[{"id":"1591691250986228","name":"Paahtoleivät","slug":"leivat-keksit-ja-leivonnaiset-1/leivat/paahtoleivat","__typename":"HierarchyPathItem"},{"id":"StructureGroup_1796559627347513","name":"Leivät","slug":"leivat-keksit-ja-leivonnaiset-1/leivat","__typename":"HierarchyPathItem"},{"id":"Herkku_00000008","name":"Leivät, keksit ja leivonnaiset","slug":"leivat-keksit-ja-leivonnaiset-1","__typename":"HierarchyPathItem"}],"isGlobalFallback":null,"countryName":{"fi":"Viro","__typename":"CountryName"}},{"id":"6437005050077","ean":"6437005050077","name":"Vaasan Kotiuunin Vadelmasydän 8x45g pakaste vadelma-omenatäytteinen munkki","price":5.29,"storeId":725782447,"__typename":"Product","approxPrice":false,"basicQuantityUnit":"KPL","comparisonPrice":14.69,"comparisonUnit":"KGM","consumerPackageSize":null,"consumerPackageUnit":null,"priceUnit":"KPL","quantityMultiplier":1,"brandName":"Kotiuunin","slug":"vaasan-kotiuunin-vadelmasydan-8x45g-pakaste-vadelma-omenataytteinen-munkki","isAgeLimitedByAlcohol":false,"frozen":true,"packagingLabels":["Avainlippu"],"packagingLabelCodes":["MADE_IN_FINLAND_FLAG_WITH_KEY"],"hierarchyPath":[{"id":"1591691225974004","name":"Kakut, pullat ja leivokset","slug":"pakasteet-1/leivonnais-ja-leipapakasteet/kakut-pullat-ja-leivokset","__typename":"HierarchyPathItem"},{"id":"Herkku_00000125","name":"Leivonnais- ja leipäpakasteet","slug":"pakasteet-1/leivonnais-ja-leipapakasteet","__typename":"HierarchyPathItem"},{"id":"Herkku_00000013","name":"Pakasteet","slug":"pakasteet-1","__typename":"HierarchyPathItem"}],"isGlobalFallback":null,"countryName":{"fi":"Suomi","__typename":"CountryName"}},{"id":"6437005050855","ean":"6437005050855","name":"VAASAN KOULUNÄKKI Maukas 230g Täysjyväruisnäkkileipä","price":2.49,"storeId":725782447,"__typename":"Product","approxPrice":false,"basicQuantityUnit":"KPL","comparisonPrice":10.83,"comparisonUnit":"KGM","consumerPackageSize":null,"consumerPackageUnit":null,"priceUnit":"KPL","quantityMultiplier":1,"brandName":"Vaasan","slug":"vaasan-koulunakki-maukas-230g-taysjyvaruisnakkileipa","isAgeLimitedByAlcohol":false,"frozen":false,"packagingLabels":["Avainlippu"],"packagingLabelCodes":["MADE_IN_FINLAND_FLAG_WITH_KEY"],"hierarchyPath":[{"id":"Herkku_00000312","name":"Näkkileivät","slug":"leivat-keksit-ja-leivonnaiset-1/nakkileivat-ja-hapankorput/nakkileivat","__typename":"HierarchyPathItem"},{"id":"Herkku_00000052","name":"Näkkileivät ja hapankorput","slug":"leivat-keksit-ja-leivonnaiset-1/nakkileivat-ja-hapankorput","__typename":"HierarchyPathItem"},{"id":"Herkku_00000008","name":"Leivät, keksit ja leivonnaiset","slug":"leivat-keksit-ja-leivonnaiset-1","__typename":"HierarchyPathItem"}],"isGlobalFallback":null,"countryName":{"fi":"Suomi","__typename":"CountryName"}},{"id":"6437005053368","ean":"6437005053368","name":"Vaasan Kauratyynyt 360 g 6 kpl halkaistu kaurasekaleipä","price":2.09,"storeId":725782447,"__typename":"Product","approxPrice":false,"basicQuantityUnit":"KPL","comparisonPrice":5.81,"comparisonUnit":"KGM","consumerPackageSize":null,"consumerPackageUnit":null,"priceUnit":"KPL","quantityMultiplier":1,"brandName":"Vaasan","slug":"vaasan-kauratyynyt-360-g-6-kpl-halkaistu-kaurasekaleipa","isAgeLimitedByAlcohol":false,"frozen":false,"packagingLabels":["Hyvää Suomesta (Sininen Joutsen)"],"packagingLabelCodes":["GOODS_FROM_FINLAND_BLUE_SWAN"],"hierarchyPath":[{"id":"1591691250986235","name":"Muut vaaleat leivät","slug":"leivat-keksit-ja-leivonnaiset-1/leivat/muut-vaaleat-leivat","__typename":"HierarchyPathItem"},{"id":"StructureGroup_1796559627347513","name":"Leivät","slug":"leivat-keksit-ja-leivonnaiset-1/leivat","__typename":"HierarchyPathItem"},{"id":"Herkku_00000008","name":"Leivät, keksit ja leivonnaiset","slug":"leivat-keksit-ja-leivonnaiset-1","__typename":"HierarchyPathItem"}],"isGlobalFallback":null,"countryName":{"fi":"Suomi","__typename":"CountryName"}},{"id":"6437005058516","ean":"6437005058516","name":"Vaasan 100 % Kaura 400g 6 kpl halkaistu kaurapalaleipä","price":2.39,"storeId":725782447,"__typename":"Product","approxPrice":false,"basicQuantityUnit":"KPL","comparisonPrice":5.98,"comparisonUnit":"KGM","consumerPackageSize":null,"consumerPackageUnit":null,"priceUnit":"KPL","quantityMultiplier":1,"brandName":"Vaasan","slug":"vaasan-100-kaura-400g-6-kpl-halkaistu-kaurapalaleipa","isAgeLimitedByAlcohol":false,"frozen":false,"packagingLabels":["Hyvää Suomesta (Sininen Joutsen)"],"packagingLabelCodes":["GOODS_FROM_FINLAND_BLUE_SWAN"],"hierarchyPath":[{"id":"1591691250986235","name":"Muut vaaleat leivät","slug":"leivat-keksit-ja-leivonnaiset-1/leivat/muut-vaaleat-leivat","__typename":"HierarchyPathItem"},{"id":"StructureGroup_1796559627347513","name":"Leivät","slug":"leivat-keksit-ja-leivonnaiset-1/leivat","__typename":"HierarchyPathItem"},{"id":"Herkku_00000008","name":"Leivät, keksit ja leivonnaiset","slug":"leivat-keksit-ja-leivonnaiset-1","__typename":"HierarchyPathItem"}],"isGlobalFallback":null,"countryName":{"fi":"Suomi","__typename":"CountryName"}},{"id":"6437005058660","ean":"6437005058660","name":"Vaasan TaikaRuis 550g täysjyväruisviipaleet","price":2.69,"storeId":725782447,"__typename":"Product","approxPrice":false,"basicQuantityUnit":"KPL","comparisonPrice":4.89,"comparisonUnit":"KGM","consumerPackageSize":null,"consumerPackageUnit":null,"priceUnit":"KPL","quantityMultiplier":1,"brandName":"Vaasan","slug":"vaasan-taikaruis-550g-taysjyvaruisviipaleet","isAgeLimitedByAlcohol":false,"frozen":false,"packagingLabels":[],"packagingLabelCodes":[],"hierarchyPath":[{"id":"1591691250986231","name":"Sekaleivät","slug":"leivat-keksit-ja-leivonnaiset-1/leivat/sekaleivat","__typename":"HierarchyPathItem"},{"id":"StructureGroup_1796559627347513","name":"Leivät","slug":"leivat-keksit-ja-leivonnaiset-1/leivat","__typename":"HierarchyPathItem"},{"id":"Herkku_00000008","name":"Leivät, keksit ja leivonnaiset","slug":"leivat-keksit-ja-leivonnaiset-1","__typename":"HierarchyPathItem"}],"isGlobalFallback":null,"countryName":{"fi":"Viro","__typename":"CountryName"}},{"id":"6437005079641","ean":"6437005079641","name":"Vaasan Kauraviipaleet 500 g viipaloitu kaurasekaleipä","price":1.75,"storeId":725782447,"__typename":"Product","approxPrice":false,"basicQuantityUnit":"KPL","comparisonPrice":3.5,"comparisonUnit":"KGM","consumerPackageSize":null,"consumerPackageUnit":null,"priceUnit":"KPL","quantityMultiplier":1,"brandName":"Vaasan","slug":"vaasan-kauraviipaleet-500-g-viipaloitu-kaurasekaleipa","isAgeLimitedByAlcohol":false,"frozen":false,"packagingLabels":["Hyvää Suomesta (Sininen Joutsen)"],"packagingLabelCodes":["GOODS_FROM_FINLAND_BLUE_SWAN"],"hierarchyPath":[{"id":"1591691250986231","name":"Sekaleivät","slug":"leivat-keksit-ja-leivonnaiset-1/leivat/sekaleivat","__typename":"HierarchyPathItem"},{"id":"StructureGroup_1796559627347513","name":"Leivät","slug":"leivat-keksit-ja-leivonnaiset-1/leivat","__typename":"HierarchyPathItem"},{"id":"Herkku_00000008","name":"Leivät, keksit ja leivonnaiset","slug":"leivat-keksit-ja-leivonnaiset-1","__typename":"HierarchyPathItem"}],"isGlobalFallback":null,"countryName":{"fi":"Suomi","__typename":"CountryName"}},{"id":"6437005082993","ean":"6437005082993","name":"VAASAN KOULUNÄKKI Klassikko 375 g Täysjyväruisnäkkileipä","price":2.89,"storeId":725782447,"__typename":"Product","approxPrice":false,"basicQuantityUnit":"KPL","comparisonPrice":7.71,"comparisonUnit":"KGM","consumerPackageSize":null,"consumerPackageUnit":null,"priceUnit":"KPL","quantityMultiplier":1,"brandName":"Vaasan","slug":"vaasan-koulunakki-klassikko-375-g-taysjyvaruisnakkileipa","isAgeLimitedByAlcohol":false,"frozen":false,"packagingLabels":["Avainlippu"," Sydänmerkki"],"packagingLabelCodes":["FINNISH_HEART_SYMBOL"," MADE_IN_FINLAND_FLAG_WITH_KEY"],"hierarchyPath":[{"id":"Herkku_00000312","name":"Näkkileivät","slug":"leivat-keksit-ja-leivonnaiset-1/nakkileivat-ja-hapankorput/nakkileivat","__typename":"HierarchyPathItem"},{"id":"Herkku_00000052","name":"Näkkileivät ja hapankorput","slug":"leivat-keksit-ja-leivonnaiset-1/nakkileivat-ja-hapankorput","__typename":"HierarchyPathItem"},{"id":"Herkku_00000008","name":"Leivät, keksit ja leivonnaiset","slug":"leivat-keksit-ja-leivonnaiset-1","__typename":"HierarchyPathItem"}],"isGlobalFallback":null,"countryName":{"fi":"Suomi","__typename":"CountryName"}},{"id":"6437005083136","ean":"6437005083136","name":"VAASAN KOULUNÄKKI Maukas 460 g Täysjyväruisnäkkileipä","price":2.89,"storeId":725782447,"__typename":"Product","approxPrice":false,"basicQuantityUnit":"KPL","comparisonPrice":6.28,"comparisonUnit":"KGM","consumerPackageSize":null,"consumerPackageUnit":null,"priceUnit":"KPL","quantityMultiplier":1,"brandName":"Vaasan","slug":"vaasan-koulunakki-maukas-460-g-taysjyvaruisnakkileipa","isAgeLimitedByAlcohol":false,"frozen":false,"packagingLabels":["Avainlippu"],"packagingLabelCodes":["MADE_IN_FINLAND_FLAG_WITH_KEY"],"hierarchyPath":[{"id":"Herkku_00000312","name":"Näkkileivät","slug":"leivat-keksit-ja-leivonnaiset-1/nakkileivat-ja-hapankorput/nakkileivat","__typename":"HierarchyPathItem"},{"id":"Herkku_00000052","name":"Näkkileivät ja hapankorput","slug":"leivat-keksit-ja-leivonnaiset-1/nakkileivat-ja-hapankorput","__typename":"HierarchyPathItem"},{"id":"Herkku_00000008","name":"Leivät, keksit ja leivonnaiset","slug":"leivat-keksit-ja-leivonnaiset-1","__typename":"HierarchyPathItem"}],"isGlobalFallback":null,"countryName":{"fi":"Suomi","__typename":"CountryName"}},{"id":"6438200400032","ean":"6438200400032","name":"Kingis jäätelöpuikko Original Vanilja 78 ML/53G","price":1.79,"storeId":725782447,"__typename":"Product","approxPrice":false,"basicQuantityUnit":"KPL","comparisonPrice":33.77,"comparisonUnit":"KGM","consumerPackageSize":null,"consumerPackageUnit":null,"priceUnit":"KPL","quantityMultiplier":1,"brandName":"Kingis","slug":"kingis-jaatelopuikko-original-vanilja-78-ml53g","isAgeLimitedByAlcohol":false,"frozen":true,"packagingLabels":["Avainlippu"],"packagingLabelCodes":["MADE_IN_FINLAND_FLAG_WITH_KEY"],"hierarchyPath":[{"id":"1591691225905928","name":"Yksittäiset jäätelöt","slug":"pakasteet-1/jaatelot/yksittaiset-jaatelot","__typename":"HierarchyPathItem"},{"id":"Herkku_00000130","name":"Jäätelöt","slug":"pakasteet-1/jaatelot","__typename":"HierarchyPathItem"},{"id":"Herkku_00000013","name":"Pakasteet","slug":"pakasteet-1","__typename":"HierarchyPathItem"}],"isGlobalFallback":null,"countryName":{"fi":"Suomi","__typename":"CountryName"}},{"id":"6438207000051","ean":"6438207000051","name":"Keiju Valkea rypsiöljymargariini 60 400 g","price":2.98,"storeId":725782447,"__typename":"Product","approxPrice":false,"basicQuantityUnit":"KPL","comparisonPrice":7.45,"comparisonUnit":"KGM","consumerPackageSize":null,"consumerPackageUnit":null,"priceUnit":"KPL","quantityMultiplier":1,"brandName":"Keiju Valkea","slug":"keiju-valkea-rypsioljymargariini-60-400-g","isAgeLimitedByAlcohol":false,"frozen":false,"packagingLabels":["Allergia- ja astmaliiton merkki"," Avainlippu"," Sydänmerkki"," V Label Vegan"],"packagingLabelCodes":["EUROPEAN_V_LABEL_VEGAN"," FINNISH_HEART_SYMBOL"," LABEL_OF_THE_ALLERGY_AND_ASTHMA_FEDERATION"," MADE_IN_FINLAND_FLAG_WITH_KEY"],"hierarchyPath":[{"id":"Herkku_00000299","name":"Margariinit","slug":"maito-munat-ja-rasvat-0/rasvat/margariinit","__typename":"HierarchyPathItem"},{"id":"Herkku_00000049","name":"Rasvat","slug":"maito-munat-ja-rasvat-0/rasvat","__typename":"HierarchyPathItem"},{"id":"Herkku_00000006","name":"Maito, munat ja rasvat","slug":"maito-munat-ja-rasvat-0","__typename":"HierarchyPathItem"}],"isGlobalFallback":null,"countryName":{"fi":"Suomi","__typename":"CountryName"}},{"id":"6438207011453","ean":"6438207011453","name":"Keiju Rypsiöljy 500 ml","price":3.09,"storeId":725782447,"__typename":"Product","approxPrice":false,"basicQuantityUnit":"KPL","comparisonPrice":6.18,"comparisonUnit":"LTR","consumerPackageSize":null,"consumerPackageUnit":null,"priceUnit":"KPL","quantityMultiplier":1,"brandName":"Keiju","slug":"keiju-rypsioljy-500-ml","isAgeLimitedByAlcohol":false,"frozen":false,"packagingLabels":["Avainlippu"," Kierrätysmerkki"," Sydänmerkki"],"packagingLabelCodes":["FINNISH_HEART_SYMBOL"," MADE_IN_FINLAND_FLAG_WITH_KEY"," RECYCLABLE_GENERAL_CLAIM"],"hierarchyPath":[{"id":"Herkku_00000441","name":"Rypsiöljyt","slug":"oljyt-mausteet-maustaminen-1/oljyt/rypsioljyt","__typename":"HierarchyPathItem"},{"id":"Herkku_00000081","name":"Öljyt","slug":"oljyt-mausteet-maustaminen-1/oljyt","__typename":"HierarchyPathItem"},{"id":"Herkku_00000011","name":"Öljyt, mausteet, maustaminen","slug":"oljyt-mausteet-maustaminen-1","__typename":"HierarchyPathItem"}],"isGlobalFallback":null,"countryName":{"fi":"Suomi","__typename":"CountryName"}},{"id":"6438207011613","ean":"6438207011613","name":"Keiju Laktoositon kasvirasvalevite 70 % 400 g","price":2.55,"storeId":725782447,"__typename":"Product","approxPrice":false,"basicQuantityUnit":"KPL","comparisonPrice":6.37,"comparisonUnit":"KGM","consumerPackageSize":null,"consumerPackageUnit":null,"priceUnit":"KPL","quantityMultiplier":1,"brandName":"Keiju","slug":"keiju-laktoositon-kasvirasvalevite-70-400-g","isAgeLimitedByAlcohol":false,"frozen":false,"packagingLabels":["Avainlippu"," European Vegetarian Union"," Sydänmerkki"],"packagingLabelCodes":["EUROPEAN_VEGETARIAN_UNION"," FINNISH_HEART_SYMBOL"," MADE_IN_FINLAND_FLAG_WITH_KEY"],"hierarchyPath":[{"id":"Herkku_00000299","name":"Margariinit","slug":"maito-munat-ja-rasvat-0/rasvat/margariinit","__typename":"HierarchyPathItem"},{"id":"Herkku_00000049","name":"Rasvat","slug":"maito-munat-ja-rasvat-0/rasvat","__typename":"HierarchyPathItem"},{"id":"Herkku_00000006","name":"Maito, munat ja rasvat","slug":"maito-munat-ja-rasvat-0","__typename":"HierarchyPathItem"}],"isGlobalFallback":null,"countryName":{"fi":"Suomi","__typename":"CountryName"}},{"id":"6438207011637","ean":"6438207011637","name":"Keiju Normaalisuolainen margariini 60 400 g","price":2.55,"storeId":725782447,"__typename":"Product","approxPrice":false,"basicQuantityUnit":"KPL","comparisonPrice":6.37,"comparisonUnit":"KGM","consumerPackageSize":null,"consumerPackageUnit":null,"priceUnit":"KPL","quantityMultiplier":1,"brandName":"Keiju","slug":"keiju-normaalisuolainen-margariini-60-400-g","isAgeLimitedByAlcohol":false,"frozen":false,"packagingLabels":["Avainlippu"," Sydänmerkki"],"packagingLabelCodes":["FINNISH_HEART_SYMBOL"," MADE_IN_FINLAND_FLAG_WITH_KEY"],"hierarchyPath":[{"id":"Herkku_00000299","name":"Margariinit","slug":"maito-munat-ja-rasvat-0/rasvat/margariinit","__typename":"HierarchyPathItem"},{"id":"Herkku_00000049","name":"Rasvat","slug":"maito-munat-ja-rasvat-0/rasvat","__typename":"HierarchyPathItem"},{"id":"Herkku_00000006","name":"Maito, munat ja rasvat","slug":"maito-munat-ja-rasvat-0","__typename":"HierarchyPathItem"}],"isGlobalFallback":null,"countryName":{"fi":"Suomi","__typename":"CountryName"}},{"id":"6438207011774","ean":"6438207011774","name":"Sunnuntai Laktoositon leivontamargariini 500 g","price":2.95,"storeId":725782447,"__typename":"Product","approxPrice":false,"basicQuantityUnit":"KPL","comparisonPrice":5.9,"comparisonUnit":"KGM","consumerPackageSize":null,"consumerPackageUnit":null,"priceUnit":"KPL","quantityMultiplier":1,"brandName":"Sunnuntai","slug":"sunnuntai-laktoositon-leivontamargariini-500-g","isAgeLimitedByAlcohol":false,"frozen":false,"packagingLabels":[],"packagingLabelCodes":[],"hierarchyPath":[{"id":"Herkku_00000299","name":"Margariinit","slug":"maito-munat-ja-rasvat-0/rasvat/margariinit","__typename":"HierarchyPathItem"},{"id":"Herkku_00000049","name":"Rasvat","slug":"maito-munat-ja-rasvat-0/rasvat","__typename":"HierarchyPathItem"},{"id":"Herkku_00000006","name":"Maito, munat ja rasvat","slug":"maito-munat-ja-rasvat-0","__typename":"HierarchyPathItem"}],"isGlobalFallback":null,"countryName":{"fi":"Suomi","__typename":"CountryName"}},{"id":"6438207016106","ean":"6438207016106","name":"Keiju 3 öljyä rypsiöljymargariini 60 400 g","price":2.98,"storeId":725782447,"__typename":"Product","approxPrice":false,"basicQuantityUnit":"KPL","comparisonPrice":7.45,"comparisonUnit":"KGM","consumerPackageSize":null,"consumerPackageUnit":null,"priceUnit":"KPL","quantityMultiplier":1,"brandName":"Keiju","slug":"keiju-3-oljya-rypsioljymargariini-60-400-g","isAgeLimitedByAlcohol":false,"frozen":false,"packagingLabels":["European Vegetarian Union"," Sydänmerkki"],"packagingLabelCodes":["EUROPEAN_VEGETARIAN_UNION"," FINNISH_HEART_SYMBOL"],"hierarchyPath":[{"id":"Herkku_00000299","name":"Margariinit","slug":"maito-munat-ja-rasvat-0/rasvat/margariinit","__typename":"HierarchyPathItem"},{"id":"Herkku_00000049","name":"Rasvat","slug":"maito-munat-ja-rasvat-0/rasvat","__typename":"HierarchyPathItem"},{"id":"Herkku_00000006","name":"Maito, munat ja rasvat","slug":"maito-munat-ja-rasvat-0","__typename":"HierarchyPathItem"}],"isGlobalFallback":null,"countryName":{"fi":"Suomi","__typename":"CountryName"}},{"id":"6438207018803","ean":"6438207018803","name":"Alentaja margarini 60 400 g","price":5.39,"storeId":725782447,"__typename":"Product","approxPrice":false,"basicQuantityUnit":"KPL","comparisonPrice":13.47,"comparisonUnit":"KGM","consumerPackageSize":null,"consumerPackageUnit":null,"priceUnit":"KPL","quantityMultiplier":1,"brandName":"Alentaja","slug":"alentaja-margarini-60-400-g","isAgeLimitedByAlcohol":false,"frozen":false,"packagingLabels":["Sydänmerkki"," V Label Vegan"],"packagingLabelCodes":["EUROPEAN_V_LABEL_VEGAN"," FINNISH_HEART_SYMBOL"],"hierarchyPath":[{"id":"Herkku_00000302","name":"Terveysvaikutteiset rasiamargariinit","slug":"maito-munat-ja-rasvat-0/rasvat/terveysvaikutteiset-rasiamargariinit","__typename":"HierarchyPathItem"},{"id":"Herkku_00000049","name":"Rasvat","slug":"maito-munat-ja-rasvat-0/rasvat","__typename":"HierarchyPathItem"},{"id":"Herkku_00000006","name":"Maito, munat ja rasvat","slug":"maito-munat-ja-rasvat-0","__typename":"HierarchyPathItem"}],"isGlobalFallback":null,"countryName":{"fi":"Suomi","__typename":"CountryName"}},{"id":"6438348001498","ean":"6438348001498","name":"Kotimaista 450ml rypsiöljy","price":2.55,"storeId":725782447,"__typename":"Product","approxPrice":false,"basicQuantityUnit":"KPL","comparisonPrice":5.67,"comparisonUnit":"LTR","consumerPackageSize":null,"consumerPackageUnit":null,"priceUnit":"KPL","quantityMultiplier":1,"brandName":"Kotimaista","slug":"kotimaista-450ml-rypsioljy","isAgeLimitedByAlcohol":false,"frozen":false,"packagingLabels":["Hyvää Suomesta (Sininen Joutsen)"," Sydänmerkki"],"packagingLabelCodes":["FINNISH_HEART_SYMBOL"," GOODS_FROM_FINLAND_BLUE_SWAN"],"hierarchyPath":[{"id":"Herkku_00000441","name":"Rypsiöljyt","slug":"oljyt-mausteet-maustaminen-1/oljyt/rypsioljyt","__typename":"HierarchyPathItem"},{"id":"Herkku_00000081","name":"Öljyt","slug":"oljyt-mausteet-maustaminen-1/oljyt","__typename":"HierarchyPathItem"},{"id":"Herkku_00000011","name":"Öljyt, mausteet, maustaminen","slug":"oljyt-mausteet-maustaminen-1","__typename":"HierarchyPathItem"}],"isGlobalFallback":null,"countryName":{"fi":"Suomi","__typename":"CountryName"}},{"id":"6438348001511","ean":"6438348001511","name":"Kotimaista 900ml rypsiöljy","price":4.25,"storeId":725782447,"__typename":"Product","approxPrice":false,"basicQuantityUnit":"KPL","comparisonPrice":4.72,"comparisonUnit":"LTR","consumerPackageSize":null,"consumerPackageUnit":null,"priceUnit":"KPL","quantityMultiplier":1,"brandName":"Kotimaista","slug":"kotimaista-900ml-rypsioljy","isAgeLimitedByAlcohol":false,"frozen":false,"packagingLabels":["Hyvää Suomesta (Sininen Joutsen)"," Sydänmerkki"],"packagingLabelCodes":["FINNISH_HEART_SYMBOL"," GOODS_FROM_FINLAND_BLUE_SWAN"],"hierarchyPath":[{"id":"Herkku_00000441","name":"Rypsiöljyt","slug":"oljyt-mausteet-maustaminen-1/oljyt/rypsioljyt","__typename":"HierarchyPathItem"},{"id":"Herkku_00000081","name":"Öljyt","slug":"oljyt-mausteet-maustaminen-1/oljyt","__typename":"HierarchyPathItem"},{"id":"Herkku_00000011","name":"Öljyt, mausteet, maustaminen","slug":"oljyt-mausteet-maustaminen-1","__typename":"HierarchyPathItem"}],"isGlobalFallback":null,"countryName":{"fi":"Suomi","__typename":"CountryName"}},{"id":"6438460001956","ean":"6438460001956","name":"Rainbow 40g maapähkinäpatukka","price":1.25,"storeId":725782447,"__typename":"Product","approxPrice":false,"basicQuantityUnit":"KPL","comparisonPrice":31.25,"comparisonUnit":"KGM","consumerPackageSize":null,"consumerPackageUnit":null,"priceUnit":"KPL","quantityMultiplier":1,"brandName":"Rainbow","slug":"rainbow-40g-maapahkinapatukka","isAgeLimitedByAlcohol":false,"frozen":false,"packagingLabels":[],"packagingLabelCodes":[],"hierarchyPath":[{"id":"1591691259548655","name":"Pähkinäpatukat ja -levyt","slug":"kuivatuotteet-ja-leivonta-1/siemenet-pahkinat-ja-kuivatut-hedelmat/pahkinapatukat-ja-levyt","__typename":"HierarchyPathItem"},{"id":"Herkku_00000050","name":"Siemenet, pähkinät ja kuivatut hedelmät","slug":"kuivatuotteet-ja-leivonta-1/siemenet-pahkinat-ja-kuivatut-hedelmat","__typename":"HierarchyPathItem"},{"id":"Herkku_00000007","name":"Kuivatuotteet ja leivonta","slug":"kuivatuotteet-ja-leivonta-1","__typename":"HierarchyPathItem"}],"isGlobalFallback":null,"countryName":{"fi":"Tšekki","__typename":"CountryName"}},{"id":"6438460020582","ean":"6438460020582","name":"Kotimaista Mansikkajäätelö 850ml","price":3.99,"storeId":725782447,"__typename":"Product","approxPrice":false,"basicQuantityUnit":"KPL","comparisonPrice":4.69,"comparisonUnit":"LTR","consumerPackageSize":null,"consumerPackageUnit":null,"priceUnit":"KPL","quantityMultiplier":1,"brandName":"Kotimaista","slug":"kotimaista-mansikkajaatelo-850ml","isAgeLimitedByAlcohol":false,"frozen":true,"packagingLabels":["Hyvää Suomesta (Sininen Joutsen)"],"packagingLabelCodes":["GOODS_FROM_FINLAND_BLUE_SWAN"],"hierarchyPath":[{"id":"1591691225905930","name":"Jäätelöpakkaukset","slug":"pakasteet-1/jaatelot/jaatelopakkaukset","__typename":"HierarchyPathItem"},{"id":"Herkku_00000130","name":"Jäätelöt","slug":"pakasteet-1/jaatelot","__typename":"HierarchyPathItem"},{"id":"Herkku_00000013","name":"Pakasteet","slug":"pakasteet-1","__typename":"HierarchyPathItem"}],"isGlobalFallback":null,"countryName":{"fi":"Suomi","__typename":"CountryName"}},{"id":"6438460026072","ean":"6438460026072","name":"Rainbow Lager olut 4,3 % tölkki 0,33 L","price":1.17,"storeId":725782447,"__typename":"Product","approxPrice":false,"basicQuantityUnit":"KPL","comparisonPrice":3.09,"comparisonUnit":"LTR","consumerPackageSize":null,"consumerPackageUnit":null,"priceUnit":"KPL","quantityMultiplier":1,"brandName":"Rainbow","slug":"rainbow-lager-olut-4-3-tolkki-0-33-l","isAgeLimitedByAlcohol":true,"frozen":false,"packagingLabels":[],"packagingLabelCodes":[],"hierarchyPath":[{"id":"Herkku_00000818","name":"Vaalea lager olut","slug":"juomat-1/oluet/vaalea-lager-olut","__typename":"HierarchyPathItem"},{"id":"Herkku_00000135","name":"Oluet","slug":"juomat-1/oluet","__typename":"HierarchyPathItem"},{"id":"Herkku_00000005","name":"Juomat","slug":"juomat-1","__typename":"HierarchyPathItem"}],"isGlobalFallback":null,"countryName":{"fi":"Suomi","__typename":"CountryName"}},{"id":"6438460026089","ean":"6438460026089","name":"24-pack Rainbow Lager olut 4,3 % tölkki 0,33 L","price":28.080000000000002,"storeId":725782447,"__typename":"Product","approxPrice":false,"basicQuantityUnit":"KPL","comparisonPrice":3.09,"comparisonUnit":"LTR","consumerPackageSize":null,"consumerPackageUnit":null,"priceUnit":"KPL","quantityMultiplier":1,"brandName":"Rainbow","slug":"24-pack-rainbow-lager-olut-4-3-tolkki-0-33-l","isAgeLimitedByAlcohol":true,"frozen":false,"packagingLabels":[],"packagingLabelCodes":[],"hierarchyPath":[{"id":"Herkku_00000818","name":"Vaalea lager olut","slug":"juomat-1/oluet/vaalea-lager-olut","__typename":"HierarchyPathItem"},{"id":"Herkku_00000135","name":"Oluet","slug":"juomat-1/oluet","__typename":"HierarchyPathItem"},{"id":"Herkku_00000005","name":"Juomat","slug":"juomat-1","__typename":"HierarchyPathItem"}],"isGlobalFallback":null,"countryName":{"fi":"Suomi","__typename":"CountryName"}},{"id":"6438460096143","ean":"6438460096143","name":"Kotimaista Paprikamajoneesi 270 g","price":2.35,"storeId":725782447,"__typename":"Product","approxPrice":false,"basicQuantityUnit":"KPL","comparisonPrice":8.7,"comparisonUnit":"KGM","consumerPackageSize":null,"consumerPackageUnit":null,"priceUnit":"KPL","quantityMultiplier":1,"brandName":"Kotimaista","slug":"kotimaista-paprikamajoneesi-270-g","isAgeLimitedByAlcohol":false,"frozen":false,"packagingLabels":["Hyvää Suomesta (Sininen Joutsen)"],"packagingLabelCodes":["GOODS_FROM_FINLAND_BLUE_SWAN"],"hierarchyPath":[{"id":"Herkku_00000079","name":"Majoneesit ja majoneesikastikkeet","slug":"oljyt-mausteet-maustaminen-1/majoneesit-ja-majoneesikastikkeet","__typename":"HierarchyPathItem"},{"id":"Herkku_00000011","name":"Öljyt, mausteet, maustaminen","slug":"oljyt-mausteet-maustaminen-1","__typename":"HierarchyPathItem"}],"isGlobalFallback":null,"countryName":{"fi":"Suomi","__typename":"CountryName"}},{"id":"6438460096150","ean":"6438460096150","name":"Kotimaista Kurkkumajoneesi 270 g","price":2.35,"storeId":725782447,"__typename":"Product","approxPrice":false,"basicQuantityUnit":"KPL","comparisonPrice":8.7,"comparisonUnit":"KGM","consumerPackageSize":null,"consumerPackageUnit":null,"priceUnit":"KPL","quantityMultiplier":1,"brandName":"Kotimaista","slug":"kotimaista-kurkkumajoneesi-270-g","isAgeLimitedByAlcohol":false,"frozen":false,"packagingLabels":["Hyvää Suomesta (Sininen Joutsen)"],"packagingLabelCodes":["GOODS_FROM_FINLAND_BLUE_SWAN"],"hierarchyPath":[{"id":"Herkku_00000079","name":"Majoneesit ja majoneesikastikkeet","slug":"oljyt-mausteet-maustaminen-1/majoneesit-ja-majoneesikastikkeet","__typename":"HierarchyPathItem"},{"id":"Herkku_00000011","name":"Öljyt, mausteet, maustaminen","slug":"oljyt-mausteet-maustaminen-1","__typename":"HierarchyPathItem"}],"isGlobalFallback":null,"countryName":{"fi":"Suomi","__typename":"CountryName"}},{"id":"6438460111655","ean":"6438460111655","name":"Kotimaista arkiperuna 1kg","price":1.29,"storeId":725782447,"__typename":"Product","approxPrice":false,"basicQuantityUnit":"KPL","comparisonPrice":1.29,"comparisonUnit":"KGM","consumerPackageSize":null,"consumerPackageUnit":null,"priceUnit":"KPL","quantityMultiplier":1,"brandName":"Kotimaista","slug":"kotimaista-arkiperuna-1kg","isAgeLimitedByAlcohol":false,"frozen":false,"packagingLabels":[],"packagingLabelCodes":[],"hierarchyPath":[{"id":"Herkku_00000183","name":"Perunat","slug":"hedelmat-ja-vihannekset-1/juurekset/perunat","__typename":"HierarchyPathItem"},{"id":"Herkku_00000019","name":"Juurekset","slug":"hedelmat-ja-vihannekset-1/juurekset","__typename":"HierarchyPathItem"},{"id":"Herkku_00000001","name":"Hedelmät ja vihannekset","slug":"hedelmat-ja-vihannekset-1","__typename":"HierarchyPathItem"}],"isGlobalFallback":null,"countryName":{"fi":"Suomi","__typename":"CountryName"}},{"id":"6438460111662","ean":"6438460111662","name":"Kotimaista Annabelle peruna 1kg","price":1.29,"storeId":725782447,"__typename":"Product","approxPrice":false,"basicQuantityUnit":"KPL","comparisonPrice":1.29,"comparisonUnit":"KGM","consumerPackageSize":null,"consumerPackageUnit":null,"priceUnit":"KPL","quantityMultiplier":1,"brandName":"Kotimaista","slug":"kotimaista-annabelle-peruna-1kg","isAgeLimitedByAlcohol":false,"frozen":false,"packagingLabels":["Sirkkalehtilippu"],"packagingLabelCodes":["PUHTAASTI_KOTIMAINEN"],"hierarchyPath":[{"id":"Herkku_00000183","name":"Perunat","slug":"hedelmat-ja-vihannekset-1/juurekset/perunat","__typename":"HierarchyPathItem"},{"id":"Herkku_00000019","name":"Juurekset","slug":"hedelmat-ja-vihannekset-1/juurekset","__typename":"HierarchyPathItem"},{"id":"Herkku_00000001","name":"Hedelmät ja vihannekset","slug":"hedelmat-ja-vihannekset-1","__typename":"HierarchyPathItem"}],"isGlobalFallback":null,"countryName":{"fi":"Suomi","__typename":"CountryName"}},{"id":"6438460111679","ean":"6438460111679","name":"Kotimaista keittoperuna 1 kg","price":1.29,"storeId":725782447,"__typename":"Product","approxPrice":false,"basicQuantityUnit":"KPL","comparisonPrice":1.29,"comparisonUnit":"KGM","consumerPackageSize":null,"consumerPackageUnit":null,"priceUnit":"KPL","quantityMultiplier":1,"brandName":"Kotimaista","slug":"kotimaista-keittoperuna-1-kg","isAgeLimitedByAlcohol":false,"frozen":false,"packagingLabels":[],"packagingLabelCodes":[],"hierarchyPath":[{"id":"Herkku_00000183","name":"Perunat","slug":"hedelmat-ja-vihannekset-1/juurekset/perunat","__typename":"HierarchyPathItem"},{"id":"Herkku_00000019","name":"Juurekset","slug":"hedelmat-ja-vihannekset-1/juurekset","__typename":"HierarchyPathItem"},{"id":"Herkku_00000001","name":"Hedelmät ja vihannekset","slug":"hedelmat-ja-vihannekset-1","__typename":"HierarchyPathItem"}],"isGlobalFallback":null,"countryName":{"fi":"Suomi","__typename":"CountryName"}},{"id":"6438460111686","ean":"6438460111686","name":"Kotimaista muusiperuna 1 kg","price":1.29,"storeId":725782447,"__typename":"Product","approxPrice":false,"basicQuantityUnit":"KPL","comparisonPrice":1.29,"comparisonUnit":"KGM","consumerPackageSize":null,"consumerPackageUnit":null,"priceUnit":"KPL","quantityMultiplier":1,"brandName":"Kotimaista","slug":"kotimaista-muusiperuna-1-kg","isAgeLimitedByAlcohol":false,"frozen":false,"packagingLabels":[],"packagingLabelCodes":[],"hierarchyPath":[{"id":"Herkku_00000183","name":"Perunat","slug":"hedelmat-ja-vihannekset-1/juurekset/perunat","__typename":"HierarchyPathItem"},{"id":"Herkku_00000019","name":"Juurekset","slug":"hedelmat-ja-vihannekset-1/juurekset","__typename":"HierarchyPathItem"},{"id":"Herkku_00000001","name":"Hedelmät ja vihannekset","slug":"hedelmat-ja-vihannekset-1","__typename":"HierarchyPathItem"}],"isGlobalFallback":null,"countryName":{"fi":"Suomi","__typename":"CountryName"}},{"id":"6438460111693","ean":"6438460111693","name":"Kotimaista Colomba peruna 1kg","price":1.29,"storeId":725782447,"__typename":"Product","approxPrice":false,"basicQuantityUnit":"KPL","comparisonPrice":1.29,"comparisonUnit":"KGM","consumerPackageSize":null,"consumerPackageUnit":null,"priceUnit":"KPL","quantityMultiplier":1,"brandName":"Kotimaista","slug":"kotimaista-colomba-peruna-1kg","isAgeLimitedByAlcohol":false,"frozen":false,"packagingLabels":[],"packagingLabelCodes":[],"hierarchyPath":[{"id":"Herkku_00000183","name":"Perunat","slug":"hedelmat-ja-vihannekset-1/juurekset/perunat","__typename":"HierarchyPathItem"},{"id":"Herkku_00000019","name":"Juurekset","slug":"hedelmat-ja-vihannekset-1/juurekset","__typename":"HierarchyPathItem"},{"id":"Herkku_00000001","name":"Hedelmät ja vihannekset","slug":"hedelmat-ja-vihannekset-1","__typename":"HierarchyPathItem"}],"isGlobalFallback":null,"countryName":{"fi":"Suomi","__typename":"CountryName"}},{"id":"6438460176517","ean":"6438460176517","name":"ResQ-tuote","price":0.5,"storeId":725782447,"__typename":"Product","approxPrice":false,"basicQuantityUnit":"KPL","comparisonPrice":0.5,"comparisonUnit":"PCE","consumerPackageSize":null,"consumerPackageUnit":null,"priceUnit":"KPL","quantityMultiplier":1,"brandName":null,"slug":"resq-tuote","isAgeLimitedByAlcohol":false,"frozen":false,"packagingLabels":[],"packagingLabelCodes":[],"hierarchyPath":[{"id":"Herkku_00000202","name":"Muut vihannekset","slug":"hedelmat-ja-vihannekset-1/vihannekset/muut-vihannekset","__typename":"HierarchyPathItem"},{"id":"Herkku_00000023","name":"Vihannekset","slug":"hedelmat-ja-vihannekset-1/vihannekset","__typename":"HierarchyPathItem"},{"id":"Herkku_00000001","name":"Hedelmät ja vihannekset","slug":"hedelmat-ja-vihannekset-1","__typename":"HierarchyPathItem"}],"isGlobalFallback":null,"countryName":{"fi":"Suomi","__typename":"CountryName"}},{"id":"6438460192760","ean":"6438460192760","name":"Herkku Luomu Africa Suodatinkahvi 450 g tumma paahto","price":5.19,"storeId":725782447,"__typename":"Product","approxPrice":false,"basicQuantityUnit":"KPL","comparisonPrice":11.53,"comparisonUnit":"KGM","consumerPackageSize":null,"consumerPackageUnit":null,"priceUnit":"KPL","quantityMultiplier":1,"brandName":"Herkku","slug":"herkku-luomu-africa-suodatinkahvi-450-g-tumma-paahto","isAgeLimitedByAlcohol":false,"frozen":false,"packagingLabels":["EU:n luomutunnus (lehti)"," Rainforest alliance certified (Sammakko-merkki)"],"packagingLabelCodes":["EU_ORGANIC_FARMING"," RAINFOREST_ALLIANCE"],"hierarchyPath":[{"id":"1591691224561855","name":"Kahvit","slug":"juomat-1/kahvit-ja-suodatinpaperit/kahvit","__typename":"HierarchyPathItem"},{"id":"Herkku_00000089","name":"Kahvit ja suodatinpaperit","slug":"juomat-1/kahvit-ja-suodatinpaperit","__typename":"HierarchyPathItem"},{"id":"Herkku_00000005","name":"Juomat","slug":"juomat-1","__typename":"HierarchyPathItem"}],"isGlobalFallback":null,"countryName":{"fi":"Kenia","__typename":"CountryName"}},{"id":"6438460224225","ean":"6438460224225","name":"Amarillo Chicken Burrito 300 g","price":5.39,"storeId":725782447,"__typename":"Product","approxPrice":false,"basicQuantityUnit":"KPL","comparisonPrice":17.97,"comparisonUnit":"KGM","consumerPackageSize":null,"consumerPackageUnit":null,"priceUnit":"KPL","quantityMultiplier":1,"brandName":"AMARILLO","slug":"amarillo-chicken-burrito-300-g","isAgeLimitedByAlcohol":false,"frozen":false,"packagingLabels":[],"packagingLabelCodes":[],"hierarchyPath":[{"id":"1591691237218566","name":"Leivät, paninit ja wrapit","slug":"valmisruoka-1/valmisateriat-ja-keitot/leivat-paninit-ja-wrapit","__typename":"HierarchyPathItem"},{"id":"1591691237074396","name":"Valmisateriat ja -keitot","slug":"valmisruoka-1/valmisateriat-ja-keitot","__typename":"HierarchyPathItem"},{"id":"StructureGroup_1356670909914497","name":"Valmisruoka","slug":"valmisruoka-1","__typename":"HierarchyPathItem"}],"isGlobalFallback":null,"countryName":{"fi":"Viro","__typename":"CountryName"}},{"id":"6438460232794","ean":"6438460232794","name":"Xtra sokeriton cola virvoitusjuoma 1,5l","price":1.8900000000000001,"storeId":725782447,"__typename":"Product","approxPrice":false,"basicQuantityUnit":"KPL","comparisonPrice":0.99,"comparisonUnit":"LTR","consumerPackageSize":null,"consumerPackageUnit":null,"priceUnit":"KPL","quantityMultiplier":1,"brandName":"Xtra","slug":"xtra-sokeriton-cola-virvoitusjuoma-1-5l","isAgeLimitedByAlcohol":false,"frozen":false,"packagingLabels":[],"packagingLabelCodes":[],"hierarchyPath":[{"id":"Herkku_00000795","name":"Cola-juomat","slug":"juomat-1/virvoitusjuomat/cola-juomat","__typename":"HierarchyPathItem"},{"id":"Herkku_00000048","name":"Virvoitusjuomat","slug":"juomat-1/virvoitusjuomat","__typename":"HierarchyPathItem"},{"id":"Herkku_00000005","name":"Juomat","slug":"juomat-1","__typename":"HierarchyPathItem"}],"isGlobalFallback":null,"countryName":{"fi":"Suomi","__typename":"CountryName"}},{"id":"6438460305214","ean":"6438460305214","name":"S-kestokassi pieni 36 x 35 x 18 cm","price":0.9,"storeId":725782447,"__typename":"Product","approxPrice":false,"basicQuantityUnit":"KPL","comparisonPrice":0.9,"comparisonUnit":"PCE","consumerPackageSize":null,"consumerPackageUnit":null,"priceUnit":"KPL","quantityMultiplier":1,"brandName":null,"slug":"s-kestokassi-pieni-36-x-35-x-18-cm","isAgeLimitedByAlcohol":false,"frozen":false,"packagingLabels":[],"packagingLabelCodes":[],"hierarchyPath":[{"id":"1591691250222298","name":"Kassit","slug":"koti-ja-vapaa-aika/kassit/kassit","__typename":"HierarchyPathItem"},{"id":"Herkku_00000142","name":"Kassit","slug":"koti-ja-vapaa-aika/kassit","__typename":"HierarchyPathItem"},{"id":"Herkku_00000002","name":"Koti ja vapaa-aika","slug":"koti-ja-vapaa-aika","__typename":"HierarchyPathItem"}],"isGlobalFallback":null,"countryName":{"fi":"Vietnam","__typename":"CountryName"}},{"id":"6438460305221","ean":"6438460305221","name":"S-kestokassi mini 25,5 x 25,5 x 10 cm","price":0.7,"storeId":725782447,"__typename":"Product","approxPrice":false,"basicQuantityUnit":"KPL","comparisonPrice":0.7,"comparisonUnit":"PCE","consumerPackageSize":null,"consumerPackageUnit":null,"priceUnit":"KPL","quantityMultiplier":1,"brandName":null,"slug":"s-kestokassi-mini-25-5-x-25-5-x-10-cm","isAgeLimitedByAlcohol":false,"frozen":false,"packagingLabels":[],"packagingLabelCodes":[],"hierarchyPath":[{"id":"1591691250222298","name":"Kassit","slug":"koti-ja-vapaa-aika/kassit/kassit","__typename":"HierarchyPathItem"},{"id":"Herkku_00000142","name":"Kassit","slug":"koti-ja-vapaa-aika/kassit","__typename":"HierarchyPathItem"},{"id":"Herkku_00000002","name":"Koti ja vapaa-aika","slug":"koti-ja-vapaa-aika","__typename":"HierarchyPathItem"}],"isGlobalFallback":null,"countryName":{"fi":"Vietnam","__typename":"CountryName"}},{"id":"6438460324925","ean":"6438460324925","name":"Kotimaista Täysmallaslager 5,3% 0,5L olut","price":2.75,"storeId":725782447,"__typename":"Product","approxPrice":false,"basicQuantityUnit":"KPL","comparisonPrice":5.2,"comparisonUnit":"LTR","consumerPackageSize":null,"consumerPackageUnit":null,"priceUnit":"KPL","quantityMultiplier":1,"brandName":"Kotimaista","slug":"kotimaista-taysmallaslager-5-3-0-5l-olut","isAgeLimitedByAlcohol":true,"frozen":false,"packagingLabels":["Hyvää Suomesta (Sininen Joutsen)"],"packagingLabelCodes":["GOODS_FROM_FINLAND_BLUE_SWAN"],"hierarchyPath":[{"id":"Herkku_00000818","name":"Vaalea lager olut","slug":"juomat-1/oluet/vaalea-lager-olut","__typename":"HierarchyPathItem"},{"id":"Herkku_00000135","name":"Oluet","slug":"juomat-1/oluet","__typename":"HierarchyPathItem"},{"id":"Herkku_00000005","name":"Juomat","slug":"juomat-1","__typename":"HierarchyPathItem"}],"isGlobalFallback":null,"countryName":{"fi":"Suomi","__typename":"CountryName"}},{"id":"6438460331909","ean":"6438460331909","name":"Kotimaista pizzajuustoraaste 150 g","price":2.59,"storeId":725782447,"__typename":"Product","approxPrice":false,"basicQuantityUnit":"KPL","comparisonPrice":17.27,"comparisonUnit":"KGM","consumerPackageSize":null,"consumerPackageUnit":null,"priceUnit":"KPL","quantityMultiplier":1,"brandName":"Kotimaista","slug":"kotimaista-pizzajuustoraaste-150-g","isAgeLimitedByAlcohol":false,"frozen":false,"packagingLabels":["Hyvää Suomesta (Sininen Joutsen)"],"packagingLabelCodes":["GOODS_FROM_FINLAND_BLUE_SWAN"],"hierarchyPath":[{"id":"1591691244827924","name":"Juustoraasteet","slug":"juustot-0/ruoka-ja-herkuttelujuustot/juustoraasteet","__typename":"HierarchyPathItem"},{"id":"1591691244827915","name":"Ruoka- ja herkuttelujuustot","slug":"juustot-0/ruoka-ja-herkuttelujuustot","__typename":"HierarchyPathItem"},{"id":"Herkku_00000003","name":"Juustot","slug":"juustot-0","__typename":"HierarchyPathItem"}],"isGlobalFallback":null,"countryName":{"fi":"Suomi","__typename":"CountryName"}},{"id":"6438460331916","ean":"6438460331916","name":"Kotimaista kevytjuustoraaste 17% 150g","price":2.59,"storeId":725782447,"__typename":"Product","approxPrice":false,"basicQuantityUnit":"KPL","comparisonPrice":17.27,"comparisonUnit":"KGM","consumerPackageSize":null,"consumerPackageUnit":null,"priceUnit":"KPL","quantityMultiplier":1,"brandName":"Kotimaista","slug":"kotimaista-kevytjuustoraaste-17-150g","isAgeLimitedByAlcohol":false,"frozen":false,"packagingLabels":["Hyvää Suomesta (Sininen Joutsen)"],"packagingLabelCodes":["GOODS_FROM_FINLAND_BLUE_SWAN"],"hierarchyPath":[{"id":"1591691244827924","name":"Juustoraasteet","slug":"juustot-0/ruoka-ja-herkuttelujuustot/juustoraasteet","__typename":"HierarchyPathItem"},{"id":"1591691244827915","name":"Ruoka- ja herkuttelujuustot","slug":"juustot-0/ruoka-ja-herkuttelujuustot","__typename":"HierarchyPathItem"},{"id":"Herkku_00000003","name":"Juustot","slug":"juustot-0","__typename":"HierarchyPathItem"}],"isGlobalFallback":null,"countryName":{"fi":"Suomi","__typename":"CountryName"}},{"id":"6438460352560","ean":"6438460352560","name":"Rainbow laktoositon mansikka proteiinijuoma 250ml","price":1.75,"storeId":725782447,"__typename":"Product","approxPrice":false,"basicQuantityUnit":"KPL","comparisonPrice":7,"comparisonUnit":"LTR","consumerPackageSize":null,"consumerPackageUnit":null,"priceUnit":"KPL","quantityMultiplier":1,"brandName":"Rainbow","slug":"rainbow-laktoositon-mansikka-proteiinijuoma-250ml","isAgeLimitedByAlcohol":false,"frozen":false,"packagingLabels":[],"packagingLabelCodes":[],"hierarchyPath":[{"id":"Herkku_00000973","name":"Maitopohjaiset proteiinijuomat","slug":"luontaistuotteet-ja-lisaravinteet-1/urheiluravinnejuomat/maitopohjaiset-proteiinijuomat","__typename":"HierarchyPathItem"},{"id":"Herkku_00000158","name":"Urheiluravinnejuomat","slug":"luontaistuotteet-ja-lisaravinteet-1/urheiluravinnejuomat","__typename":"HierarchyPathItem"},{"id":"Herkku_00000016","name":"Luontaistuotteet ja lisäravinteet","slug":"luontaistuotteet-ja-lisaravinteet-1","__typename":"HierarchyPathItem"}],"isGlobalFallback":null,"countryName":{"fi":"Suomi","__typename":"CountryName"}},{"id":"6438460352577","ean":"6438460352577","name":"Rainbow laktoositon suklaa proteiinijuoma 250ml","price":1.75,"storeId":725782447,"__typename":"Product","approxPrice":false,"basicQuantityUnit":"KPL","comparisonPrice":7,"comparisonUnit":"LTR","consumerPackageSize":null,"consumerPackageUnit":null,"priceUnit":"KPL","quantityMultiplier":1,"brandName":"Rainbow","slug":"rainbow-laktoositon-suklaa-proteiinijuoma-250ml","isAgeLimitedByAlcohol":false,"frozen":false,"packagingLabels":[],"packagingLabelCodes":[],"hierarchyPath":[{"id":"Herkku_00000973","name":"Maitopohjaiset proteiinijuomat","slug":"luontaistuotteet-ja-lisaravinteet-1/urheiluravinnejuomat/maitopohjaiset-proteiinijuomat","__typename":"HierarchyPathItem"},{"id":"Herkku_00000158","name":"Urheiluravinnejuomat","slug":"luontaistuotteet-ja-lisaravinteet-1/urheiluravinnejuomat","__typename":"HierarchyPathItem"},{"id":"Herkku_00000016","name":"Luontaistuotteet ja lisäravinteet","slug":"luontaistuotteet-ja-lisaravinteet-1","__typename":"HierarchyPathItem"}],"isGlobalFallback":null,"countryName":{"fi":"Suomi","__typename":"CountryName"}},{"id":"6438460352584","ean":"6438460352584","name":"Rainbow laktoositon minttusuklaa proteiinijuoma 250ml","price":1.75,"storeId":725782447,"__typename":"Product","approxPrice":false,"basicQuantityUnit":"KPL","comparisonPrice":7,"comparisonUnit":"LTR","consumerPackageSize":null,"consumerPackageUnit":null,"priceUnit":"KPL","quantityMultiplier":1,"brandName":"Rainbow","slug":"rainbow-laktoositon-minttusuklaa-proteiinijuoma-250ml","isAgeLimitedByAlcohol":false,"frozen":false,"packagingLabels":[],"packagingLabelCodes":[],"hierarchyPath":[{"id":"Herkku_00000973","name":"Maitopohjaiset proteiinijuomat","slug":"luontaistuotteet-ja-lisaravinteet-1/urheiluravinnejuomat/maitopohjaiset-proteiinijuomat","__typename":"HierarchyPathItem"},{"id":"Herkku_00000158","name":"Urheiluravinnejuomat","slug":"luontaistuotteet-ja-lisaravinteet-1/urheiluravinnejuomat","__typename":"HierarchyPathItem"},{"id":"Herkku_00000016","name":"Luontaistuotteet ja lisäravinteet","slug":"luontaistuotteet-ja-lisaravinteet-1","__typename":"HierarchyPathItem"}],"isGlobalFallback":null,"countryName":{"fi":"Suomi","__typename":"CountryName"}},{"id":"6438460352591","ean":"6438460352591","name":"Rainbow laktoositon vanilja proteiinijuoma 250ml","price":1.75,"storeId":725782447,"__typename":"Product","approxPrice":false,"basicQuantityUnit":"KPL","comparisonPrice":7,"comparisonUnit":"LTR","consumerPackageSize":null,"consumerPackageUnit":null,"priceUnit":"KPL","quantityMultiplier":1,"brandName":"Rainbow","slug":"rainbow-laktoositon-vanilja-proteiinijuoma-250ml","isAgeLimitedByAlcohol":false,"frozen":false,"packagingLabels":[],"packagingLabelCodes":[],"hierarchyPath":[{"id":"Herkku_00000973","name":"Maitopohjaiset proteiinijuomat","slug":"luontaistuotteet-ja-lisaravinteet-1/urheiluravinnejuomat/maitopohjaiset-proteiinijuomat","__typename":"HierarchyPathItem"},{"id":"Herkku_00000158","name":"Urheiluravinnejuomat","slug":"luontaistuotteet-ja-lisaravinteet-1/urheiluravinnejuomat","__typename":"HierarchyPathItem"},{"id":"Herkku_00000016","name":"Luontaistuotteet ja lisäravinteet","slug":"luontaistuotteet-ja-lisaravinteet-1","__typename":"HierarchyPathItem"}],"isGlobalFallback":null,"countryName":{"fi":"Suomi","__typename":"CountryName"}},{"id":"6438460355011","ean":"6438460355011","name":"Rainbow sokeriton sekajuoma 1l","price":0.98,"storeId":725782447,"__typename":"Product","approxPrice":false,"basicQuantityUnit":"KPL","comparisonPrice":0.98,"comparisonUnit":"LTR","consumerPackageSize":null,"consumerPackageUnit":null,"priceUnit":"KPL","quantityMultiplier":1,"brandName":"Rainbow","slug":"rainbow-sokeriton-sekajuoma-1l","isAgeLimitedByAlcohol":false,"frozen":false,"packagingLabels":["FSC-sertifikaatti (Forest Stewardship Council)"],"packagingLabelCodes":["FOREST_STEWARDSHIP_COUNCIL_LABEL"],"hierarchyPath":[{"id":"Herkku_00000658","name":"Muut hedelmämehut","slug":"juomat-1/mehut/muut-hedelmamehut","__typename":"HierarchyPathItem"},{"id":"Herkku_00000120","name":"Mehut","slug":"juomat-1/mehut","__typename":"HierarchyPathItem"},{"id":"Herkku_00000005","name":"Juomat","slug":"juomat-1","__typename":"HierarchyPathItem"}],"isGlobalFallback":null,"countryName":{"fi":"Suomi","__typename":"CountryName"}},{"id":"6438460362743","ean":"6438460362743","name":"Kotimaista Luomu kasvishernekeitto 435g","price":1.29,"storeId":725782447,"__typename":"Product","approxPrice":false,"basicQuantityUnit":"KPL","comparisonPrice":2.97,"comparisonUnit":"KGM","consumerPackageSize":null,"consumerPackageUnit":null,"priceUnit":"KPL","quantityMultiplier":1,"brandName":"Kotimaista","slug":"kotimaista-luomu-kasvishernekeitto-435g","isAgeLimitedByAlcohol":false,"frozen":false,"packagingLabels":["Hyvää Suomesta (Sininen Joutsen)"],"packagingLabelCodes":["GOODS_FROM_FINLAND_BLUE_SWAN"],"hierarchyPath":[{"id":"Herkku_00000474","name":"Valmiit keitot","slug":"kuivatuotteet-ja-leivonta-1/ateria-ainekset/valmiit-keitot","__typename":"HierarchyPathItem"},{"id":"Herkku_00000087","name":"Ateria-ainekset","slug":"kuivatuotteet-ja-leivonta-1/ateria-ainekset","__typename":"HierarchyPathItem"},{"id":"Herkku_00000007","name":"Kuivatuotteet ja leivonta","slug":"kuivatuotteet-ja-leivonta-1","__typename":"HierarchyPathItem"}],"isGlobalFallback":null,"countryName":{"fi":"Suomi","__typename":"CountryName"}},{"id":"6438460367311","ean":"6438460367311","name":"Rainbow Italiansalaatti Kevyt 400g","price":1.98,"storeId":725782447,"__typename":"Product","approxPrice":false,"basicQuantityUnit":"KPL","comparisonPrice":4.95,"comparisonUnit":"KGM","consumerPackageSize":null,"consumerPackageUnit":null,"priceUnit":"KPL","quantityMultiplier":1,"brandName":"Rainbow","slug":"rainbow-italiansalaatti-kevyt-400g","isAgeLimitedByAlcohol":false,"frozen":false,"packagingLabels":[],"packagingLabelCodes":[],"hierarchyPath":[{"id":"1591691237218603","name":"Lisäkesalaatit ja tuorepasta","slug":"valmisruoka-1/lisakesalaatit-ja-tuorepasta","__typename":"HierarchyPathItem"},{"id":"StructureGroup_1356670909914497","name":"Valmisruoka","slug":"valmisruoka-1","__typename":"HierarchyPathItem"}],"isGlobalFallback":null,"countryName":{"fi":"Suomi","__typename":"CountryName"}},{"id":"6438460367328","ean":"6438460367328","name":"Rainbow Punajuurisalaatti 400g","price":1.98,"storeId":725782447,"__typename":"Product","approxPrice":false,"basicQuantityUnit":"KPL","comparisonPrice":4.95,"comparisonUnit":"KGM","consumerPackageSize":null,"consumerPackageUnit":null,"priceUnit":"KPL","quantityMultiplier":1,"brandName":"Rainbow","slug":"rainbow-punajuurisalaatti-400g","isAgeLimitedByAlcohol":false,"frozen":false,"packagingLabels":["Hyvää Suomesta (Sininen Joutsen)"],"packagingLabelCodes":["GOODS_FROM_FINLAND_BLUE_SWAN"],"hierarchyPath":[{"id":"1591691237218603","name":"Lisäkesalaatit ja tuorepasta","slug":"valmisruoka-1/lisakesalaatit-ja-tuorepasta","__typename":"HierarchyPathItem"},{"id":"StructureGroup_1356670909914497","name":"Valmisruoka","slug":"valmisruoka-1","__typename":"HierarchyPathItem"}],"isGlobalFallback":null,"countryName":{"fi":"Suomi","__typename":"CountryName"}},{"id":"6438460367335","ean":"6438460367335","name":"Kotimaista Perunasalaatti Kevyt 400g","price":1.98,"storeId":725782447,"__typename":"Product","approxPrice":false,"basicQuantityUnit":"KPL","comparisonPrice":4.95,"comparisonUnit":"KGM","consumerPackageSize":null,"consumerPackageUnit":null,"priceUnit":"KPL","quantityMultiplier":1,"brandName":"Kotimaista","slug":"kotimaista-perunasalaatti-kevyt-400g","isAgeLimitedByAlcohol":false,"frozen":false,"packagingLabels":["Hyvää Suomesta (Sininen Joutsen)"],"packagingLabelCodes":["GOODS_FROM_FINLAND_BLUE_SWAN"],"hierarchyPath":[{"id":"1591691237218603","name":"Lisäkesalaatit ja tuorepasta","slug":"valmisruoka-1/lisakesalaatit-ja-tuorepasta","__typename":"HierarchyPathItem"},{"id":"StructureGroup_1356670909914497","name":"Valmisruoka","slug":"valmisruoka-1","__typename":"HierarchyPathItem"}],"isGlobalFallback":null,"countryName":{"fi":"Suomi","__typename":"CountryName"}},{"id":"6438460486210","ean":"6438460486210","name":"Rainbow Uuniomena-kermajogurtti 400 g","price":1.89,"storeId":725782447,"__typename":"Product","approxPrice":false,"basicQuantityUnit":"KPL","comparisonPrice":4.72,"comparisonUnit":"KGM","consumerPackageSize":null,"consumerPackageUnit":null,"priceUnit":"KPL","quantityMultiplier":1,"brandName":"Rainbow","slug":"rainbow-uuniomena-kermajogurtti-400-g","isAgeLimitedByAlcohol":false,"frozen":false,"packagingLabels":[],"packagingLabelCodes":[],"hierarchyPath":[{"id":"Herkku_00000639","name":"Muut jogurtit","slug":"maito-munat-ja-rasvat-0/jogurtit/muut-jogurtit","__typename":"HierarchyPathItem"},{"id":"Herkku_00000118","name":"Jogurtit","slug":"maito-munat-ja-rasvat-0/jogurtit","__typename":"HierarchyPathItem"},{"id":"Herkku_00000006","name":"Maito, munat ja rasvat","slug":"maito-munat-ja-rasvat-0","__typename":"HierarchyPathItem"}],"isGlobalFallback":null,"countryName":{"fi":"Viro","__typename":"CountryName"}},{"id":"6438460486241","ean":"6438460486241","name":"Rainbow Karamelli-kermajogurtti 400 g","price":1.89,"storeId":725782447,"__typename":"Product","approxPrice":false,"basicQuantityUnit":"KPL","comparisonPrice":4.72,"comparisonUnit":"KGM","consumerPackageSize":null,"consumerPackageUnit":null,"priceUnit":"KPL","quantityMultiplier":1,"brandName":"Rainbow","slug":"rainbow-karamelli-kermajogurtti-400-g","isAgeLimitedByAlcohol":false,"frozen":false,"packagingLabels":[],"packagingLabelCodes":[],"hierarchyPath":[{"id":"Herkku_00000639","name":"Muut jogurtit","slug":"maito-munat-ja-rasvat-0/jogurtit/muut-jogurtit","__typename":"HierarchyPathItem"},{"id":"Herkku_00000118","name":"Jogurtit","slug":"maito-munat-ja-rasvat-0/jogurtit","__typename":"HierarchyPathItem"},{"id":"Herkku_00000006","name":"Maito, munat ja rasvat","slug":"maito-munat-ja-rasvat-0","__typename":"HierarchyPathItem"}],"isGlobalFallback":null,"countryName":{"fi":"Viro","__typename":"CountryName"}},{"id":"6438460494369","ean":"6438460494369","name":"Amarillo Texican Roast Potatoes perunasalaatti 410 g","price":3.99,"storeId":725782447,"__typename":"Product","approxPrice":false,"basicQuantityUnit":"KPL","comparisonPrice":9.73,"comparisonUnit":"KGM","consumerPackageSize":null,"consumerPackageUnit":null,"priceUnit":"KPL","quantityMultiplier":1,"brandName":"AMARILLO","slug":"amarillo-texican-roast-potatoes-perunasalaatti-410-g","isAgeLimitedByAlcohol":false,"frozen":false,"packagingLabels":[],"packagingLabelCodes":[],"hierarchyPath":[{"id":"1591691237218603","name":"Lisäkesalaatit ja tuorepasta","slug":"valmisruoka-1/lisakesalaatit-ja-tuorepasta","__typename":"HierarchyPathItem"},{"id":"StructureGroup_1356670909914497","name":"Valmisruoka","slug":"valmisruoka-1","__typename":"HierarchyPathItem"}],"isGlobalFallback":null,"countryName":{"fi":"Suomi","__typename":"CountryName"}},{"id":"6438460505942","ean":"6438460505942","name":"Rainbow taateli-kookos-passiohedelmäpatukka 35 g","price":0.79,"storeId":725782447,"__typename":"Product","approxPrice":false,"basicQuantityUnit":"KPL","comparisonPrice":22.57,"comparisonUnit":"KGM","consumerPackageSize":null,"consumerPackageUnit":null,"priceUnit":"KPL","quantityMultiplier":1,"brandName":"Rainbow","slug":"rainbow-taateli-kookos-passiohedelmapatukka-35-g","isAgeLimitedByAlcohol":false,"frozen":false,"packagingLabels":[],"packagingLabelCodes":[],"hierarchyPath":[{"id":"Herkku_00000306","name":"Kuivatut hedelmät ja marjat","slug":"kuivatuotteet-ja-leivonta-1/siemenet-pahkinat-ja-kuivatut-hedelmat/kuivatut-hedelmat-ja-marjat","__typename":"HierarchyPathItem"},{"id":"Herkku_00000050","name":"Siemenet, pähkinät ja kuivatut hedelmät","slug":"kuivatuotteet-ja-leivonta-1/siemenet-pahkinat-ja-kuivatut-hedelmat","__typename":"HierarchyPathItem"},{"id":"Herkku_00000007","name":"Kuivatuotteet ja leivonta","slug":"kuivatuotteet-ja-leivonta-1","__typename":"HierarchyPathItem"}],"isGlobalFallback":null,"countryName":{"fi":"Tšekki","__typename":"CountryName"}},{"id":"6438460505959","ean":"6438460505959","name":"Rainbow taateli-maapähkinäpatukka 35 g","price":0.79,"storeId":725782447,"__typename":"Product","approxPrice":false,"basicQuantityUnit":"KPL","comparisonPrice":22.57,"comparisonUnit":"KGM","consumerPackageSize":null,"consumerPackageUnit":null,"priceUnit":"KPL","quantityMultiplier":1,"brandName":"Rainbow","slug":"rainbow-taateli-maapahkinapatukka-35-g","isAgeLimitedByAlcohol":false,"frozen":false,"packagingLabels":[],"packagingLabelCodes":[],"hierarchyPath":[{"id":"Herkku_00000306","name":"Kuivatut hedelmät ja marjat","slug":"kuivatuotteet-ja-leivonta-1/siemenet-pahkinat-ja-kuivatut-hedelmat/kuivatut-hedelmat-ja-marjat","__typename":"HierarchyPathItem"},{"id":"Herkku_00000050","name":"Siemenet, pähkinät ja kuivatut hedelmät","slug":"kuivatuotteet-ja-leivonta-1/siemenet-pahkinat-ja-kuivatut-hedelmat","__typename":"HierarchyPathItem"},{"id":"Herkku_00000007","name":"Kuivatuotteet ja leivonta","slug":"kuivatuotteet-ja-leivonta-1","__typename":"HierarchyPathItem"}],"isGlobalFallback":null,"countryName":{"fi":"Tšekki","__typename":"CountryName"}},{"id":"6438460521256","ean":"6438460521256","name":"Rainbow Hernekeitto 435g","price":0.95,"storeId":725782447,"__typename":"Product","approxPrice":false,"basicQuantityUnit":"KPL","comparisonPrice":2.18,"comparisonUnit":"KGM","consumerPackageSize":null,"consumerPackageUnit":null,"priceUnit":"KPL","quantityMultiplier":1,"brandName":"Rainbow","slug":"rainbow-hernekeitto-435g","isAgeLimitedByAlcohol":false,"frozen":false,"packagingLabels":[],"packagingLabelCodes":[],"hierarchyPath":[{"id":"Herkku_00000474","name":"Valmiit keitot","slug":"kuivatuotteet-ja-leivonta-1/ateria-ainekset/valmiit-keitot","__typename":"HierarchyPathItem"},{"id":"Herkku_00000087","name":"Ateria-ainekset","slug":"kuivatuotteet-ja-leivonta-1/ateria-ainekset","__typename":"HierarchyPathItem"},{"id":"Herkku_00000007","name":"Kuivatuotteet ja leivonta","slug":"kuivatuotteet-ja-leivonta-1","__typename":"HierarchyPathItem"}],"isGlobalFallback":null,"countryName":{"fi":"Suomi","__typename":"CountryName"}},{"id":"6438460537844","ean":"6438460537844","name":"Kotimaista Välipalakeksi tumma suklaa 10 x 30g","price":2.85,"storeId":725782447,"__typename":"Product","approxPrice":false,"basicQuantityUnit":"KPL","comparisonPrice":9.5,"comparisonUnit":"KGM","consumerPackageSize":null,"consumerPackageUnit":null,"priceUnit":"KPL","quantityMultiplier":1,"brandName":"Kotimaista","slug":"kotimaista-valipalakeksi-tumma-suklaa-10-x-30g","isAgeLimitedByAlcohol":false,"frozen":false,"packagingLabels":["Sydänmerkki"],"packagingLabelCodes":["FINNISH_HEART_SYMBOL"],"hierarchyPath":null,"isGlobalFallback":null,"countryName":{"fi":"Suomi","__typename":"CountryName"}},{"id":"6438460544118","ean":"6438460544118","name":"Xtra Tomaattiketsuppi 1 kg","price":1.29,"storeId":725782447,"__typename":"Product","approxPrice":false,"basicQuantityUnit":"KPL","comparisonPrice":1.29,"comparisonUnit":"KGM","consumerPackageSize":null,"consumerPackageUnit":null,"priceUnit":"KPL","quantityMultiplier":1,"brandName":"Xtra","slug":"xtra-tomaattiketsuppi-1-kg","isAgeLimitedByAlcohol":false,"frozen":false,"packagingLabels":[],"packagingLabelCodes":[],"hierarchyPath":[{"id":"Herkku_00000420","name":"Ketsupit","slug":"oljyt-mausteet-maustaminen-1/ketsupit-ja-sinapit/ketsupit","__typename":"HierarchyPathItem"},{"id":"Herkku_00000077","name":"Ketsupit ja sinapit","slug":"oljyt-mausteet-maustaminen-1/ketsupit-ja-sinapit","__typename":"HierarchyPathItem"},{"id":"Herkku_00000011","name":"Öljyt, mausteet, maustaminen","slug":"oljyt-mausteet-maustaminen-1","__typename":"HierarchyPathItem"}],"isGlobalFallback":null,"countryName":{"fi":"Suomi","__typename":"CountryName"}},{"id":"6438460554889","ean":"6438460554889","name":"Makea joulu lahjapakkaus","price":19.9,"storeId":725782447,"__typename":"Product","approxPrice":false,"basicQuantityUnit":"KPL","comparisonPrice":16.75,"comparisonUnit":"KGM","consumerPackageSize":null,"consumerPackageUnit":null,"priceUnit":"KPL","quantityMultiplier":1,"brandName":null,"slug":"makea-joulu-lahjapakkaus","isAgeLimitedByAlcohol":false,"frozen":false,"packagingLabels":[],"packagingLabelCodes":[],"hierarchyPath":[{"id":"Herkku_00000054","name":"Herkkukorit","slug":"makeiset-ja-naposteltavat-1/herkkukorit","__typename":"HierarchyPathItem"},{"id":"Herkku_00000009","name":"Makeiset ja naposteltavat","slug":"makeiset-ja-naposteltavat-1","__typename":"HierarchyPathItem"}],"isGlobalFallback":null,"countryName":{"fi":"Suomi","__typename":"CountryName"}},{"id":"6438460581748","ean":"6438460581748","name":"Rosso Pizza Pollo Feta Picante 410g","price":6.29,"storeId":725782447,"__typename":"Product","approxPrice":false,"basicQuantityUnit":"KPL","comparisonPrice":15.34,"comparisonUnit":"KGM","consumerPackageSize":null,"consumerPackageUnit":null,"priceUnit":"KPL","quantityMultiplier":1,"brandName":"Rosso","slug":"rosso-pizza-pollo-feta-picante-410g","isAgeLimitedByAlcohol":false,"frozen":false,"packagingLabels":[],"packagingLabelCodes":[],"hierarchyPath":[{"id":"1591691237074426","name":"Pizzat","slug":"valmisruoka-1/valmisateriat-ja-keitot/pizzat","__typename":"HierarchyPathItem"},{"id":"1591691237074396","name":"Valmisateriat ja -keitot","slug":"valmisruoka-1/valmisateriat-ja-keitot","__typename":"HierarchyPathItem"},{"id":"StructureGroup_1356670909914497","name":"Valmisruoka","slug":"valmisruoka-1","__typename":"HierarchyPathItem"}],"isGlobalFallback":null,"countryName":{"fi":"Viro","__typename":"CountryName"}},{"id":"6438460596568","ean":"6438460596568","name":"Kotimaista voisilmäpulla, 480 g, 6 kpl kypsä","price":3.99,"storeId":725782447,"__typename":"Product","approxPrice":false,"basicQuantityUnit":"KPL","comparisonPrice":8.31,"comparisonUnit":"KGM","consumerPackageSize":null,"consumerPackageUnit":null,"priceUnit":"KPL","quantityMultiplier":1,"brandName":"Kotimaista","slug":"kotimaista-voisilmapulla-480-g-6-kpl-kypsa","isAgeLimitedByAlcohol":false,"frozen":true,"packagingLabels":["Hyvää Suomesta (Sininen Joutsen)"],"packagingLabelCodes":["GOODS_FROM_FINLAND_BLUE_SWAN"],"hierarchyPath":[{"id":"1591691225974004","name":"Kakut, pullat ja leivokset","slug":"pakasteet-1/leivonnais-ja-leipapakasteet/kakut-pullat-ja-leivokset","__typename":"HierarchyPathItem"},{"id":"Herkku_00000125","name":"Leivonnais- ja leipäpakasteet","slug":"pakasteet-1/leivonnais-ja-leipapakasteet","__typename":"HierarchyPathItem"},{"id":"Herkku_00000013","name":"Pakasteet","slug":"pakasteet-1","__typename":"HierarchyPathItem"}],"isGlobalFallback":null,"countryName":{"fi":"Suomi","__typename":"CountryName"}},{"id":"6438460602405","ean":"6438460602405","name":"Kotimaista Metsämarja kauravälipala 400 g","price":1.99,"storeId":725782447,"__typename":"Product","approxPrice":false,"basicQuantityUnit":"KPL","comparisonPrice":4.97,"comparisonUnit":"KGM","consumerPackageSize":null,"consumerPackageUnit":null,"priceUnit":"KPL","quantityMultiplier":1,"brandName":"Kotimaista","slug":"kotimaista-metsamarja-kauravalipala-400-g","isAgeLimitedByAlcohol":false,"frozen":false,"packagingLabels":["Hyvää Suomesta (Sininen Joutsen)"],"packagingLabelCodes":["GOODS_FROM_FINLAND_BLUE_SWAN"],"hierarchyPath":[{"id":"Herkku_00000640","name":"Kasvipohjaiset jogurtit","slug":"maito-munat-ja-rasvat-0/jogurtit/kasvipohjaiset-jogurtit","__typename":"HierarchyPathItem"},{"id":"Herkku_00000118","name":"Jogurtit","slug":"maito-munat-ja-rasvat-0/jogurtit","__typename":"HierarchyPathItem"},{"id":"Herkku_00000006","name":"Maito, munat ja rasvat","slug":"maito-munat-ja-rasvat-0","__typename":"HierarchyPathItem"}],"isGlobalFallback":null,"countryName":{"fi":"Suomi","__typename":"CountryName"}},{"id":"6438460609091","ean":"6438460609091","name":"Rainbow omena-kaneli virvoitusjuoma sokeriton 1,5l","price":2.09,"storeId":725782447,"__typename":"Product","approxPrice":false,"basicQuantityUnit":"KPL","comparisonPrice":1.13,"comparisonUnit":"LTR","consumerPackageSize":null,"consumerPackageUnit":null,"priceUnit":"KPL","quantityMultiplier":1,"brandName":"Rainbow","slug":"rainbow-omena-kaneli-virvoitusjuoma-sokeriton-1-5l","isAgeLimitedByAlcohol":false,"frozen":false,"packagingLabels":[],"packagingLabelCodes":[],"hierarchyPath":[{"id":"1591691224561860","name":"Kausijuomat","slug":"juomat-1/kausijuomat","__typename":"HierarchyPathItem"},{"id":"Herkku_00000005","name":"Juomat","slug":"juomat-1","__typename":"HierarchyPathItem"}],"isGlobalFallback":null,"countryName":{"fi":"Suomi","__typename":"CountryName"}},{"id":"6438460627705","ean":"6438460627705","name":"Kotimaista Kermaviili & sipuli sipsit 200g","price":1.89,"storeId":725782447,"__typename":"Product","approxPrice":false,"basicQuantityUnit":"KPL","comparisonPrice":9.45,"comparisonUnit":"KGM","consumerPackageSize":null,"consumerPackageUnit":null,"priceUnit":"KPL","quantityMultiplier":1,"brandName":"Kotimaista","slug":"kotimaista-kermaviili-and-sipuli-sipsit-200g","isAgeLimitedByAlcohol":false,"frozen":false,"packagingLabels":[],"packagingLabelCodes":[],"hierarchyPath":[{"id":"Herkku_00000347","name":"Perunalastut","slug":"makeiset-ja-naposteltavat-1/sipsit-ja-muut-naposteltavat/perunalastut","__typename":"HierarchyPathItem"},{"id":"Herkku_00000062","name":"Sipsit ja muut naposteltavat","slug":"makeiset-ja-naposteltavat-1/sipsit-ja-muut-naposteltavat","__typename":"HierarchyPathItem"},{"id":"Herkku_00000009","name":"Makeiset ja naposteltavat","slug":"makeiset-ja-naposteltavat-1","__typename":"HierarchyPathItem"}],"isGlobalFallback":null,"countryName":{"fi":"Suomi","__typename":"CountryName"}},{"id":"6438460627712","ean":"6438460627712","name":"Kotimaista Suolatut sipsit 200g","price":1.89,"storeId":725782447,"__typename":"Product","approxPrice":false,"basicQuantityUnit":"KPL","comparisonPrice":9.45,"comparisonUnit":"KGM","consumerPackageSize":null,"consumerPackageUnit":null,"priceUnit":"KPL","quantityMultiplier":1,"brandName":"Kotimaista","slug":"kotimaista-suolatut-sipsit-200g","isAgeLimitedByAlcohol":false,"frozen":false,"packagingLabels":[],"packagingLabelCodes":[],"hierarchyPath":[{"id":"Herkku_00000347","name":"Perunalastut","slug":"makeiset-ja-naposteltavat-1/sipsit-ja-muut-naposteltavat/perunalastut","__typename":"HierarchyPathItem"},{"id":"Herkku_00000062","name":"Sipsit ja muut naposteltavat","slug":"makeiset-ja-naposteltavat-1/sipsit-ja-muut-naposteltavat","__typename":"HierarchyPathItem"},{"id":"Herkku_00000009","name":"Makeiset ja naposteltavat","slug":"makeiset-ja-naposteltavat-1","__typename":"HierarchyPathItem"}],"isGlobalFallback":null,"countryName":{"fi":"Suomi","__typename":"CountryName"}},{"id":"6438460708794","ean":"6438460708794","name":"Rainbow sesonkisalaatti 180 g","price":2.89,"storeId":725782447,"__typename":"Product","approxPrice":false,"basicQuantityUnit":"KPL","comparisonPrice":16.06,"comparisonUnit":"KGM","consumerPackageSize":null,"consumerPackageUnit":null,"priceUnit":"KPL","quantityMultiplier":1,"brandName":"Rainbow","slug":"rainbow-sesonkisalaatti-180-g","isAgeLimitedByAlcohol":false,"frozen":false,"packagingLabels":[],"packagingLabelCodes":[],"hierarchyPath":[{"id":"Herkku_00000208","name":"Salaatit","slug":"hedelmat-ja-vihannekset-1/vihannekset/salaatit","__typename":"HierarchyPathItem"},{"id":"Herkku_00000023","name":"Vihannekset","slug":"hedelmat-ja-vihannekset-1/vihannekset","__typename":"HierarchyPathItem"},{"id":"Herkku_00000001","name":"Hedelmät ja vihannekset","slug":"hedelmat-ja-vihannekset-1","__typename":"HierarchyPathItem"}],"isGlobalFallback":null,"countryName":{"fi":"Suomi","__typename":"CountryName"}},{"id":"6439600000105","ean":"6439600000105","name":"Pansuola mineraalisuola 450g","price":3.05,"storeId":725782447,"__typename":"Product","approxPrice":false,"basicQuantityUnit":"KPL","comparisonPrice":6.78,"comparisonUnit":"KGM","consumerPackageSize":null,"consumerPackageUnit":null,"priceUnit":"KPL","quantityMultiplier":1,"brandName":"Pansuola","slug":"pansuola-mineraalisuola-450g","isAgeLimitedByAlcohol":false,"frozen":false,"packagingLabels":["Avainlippu"],"packagingLabelCodes":["MADE_IN_FINLAND_FLAG_WITH_KEY"],"hierarchyPath":[{"id":"Herkku_00000435","name":"Mineraalisuola","slug":"oljyt-mausteet-maustaminen-1/suolat/mineraalisuola","__typename":"HierarchyPathItem"},{"id":"Herkku_00000080","name":"Suolat","slug":"oljyt-mausteet-maustaminen-1/suolat","__typename":"HierarchyPathItem"},{"id":"Herkku_00000011","name":"Öljyt, mausteet, maustaminen","slug":"oljyt-mausteet-maustaminen-1","__typename":"HierarchyPathItem"}],"isGlobalFallback":null,"countryName":{"fi":"Suomi","__typename":"CountryName"}},{"id":"6457304200003","ean":"6457304200003","name":"Lihajaloste/Edun Herkku Kasvislasagne 500g","price":6.19,"storeId":725782447,"__typename":"Product","approxPrice":false,"basicQuantityUnit":"KPL","comparisonPrice":12.38,"comparisonUnit":"KGM","consumerPackageSize":null,"consumerPackageUnit":null,"priceUnit":"KPL","quantityMultiplier":1,"brandName":null,"slug":"lihajalosteedun-herkku-kasvislasagne-500g","isAgeLimitedByAlcohol":false,"frozen":false,"packagingLabels":[],"packagingLabelCodes":[],"hierarchyPath":[{"id":"1591691237074402","name":"Pastat ja lasagnet","slug":"valmisruoka-1/laatikot-pastat-ja-lasagnet/pastat-ja-lasagnet","__typename":"HierarchyPathItem"},{"id":"1591691237074392","name":"Laatikot, pastat ja lasagnet","slug":"valmisruoka-1/laatikot-pastat-ja-lasagnet","__typename":"HierarchyPathItem"},{"id":"StructureGroup_1356670909914497","name":"Valmisruoka","slug":"valmisruoka-1","__typename":"HierarchyPathItem"}],"isGlobalFallback":null,"countryName":{"fi":"Suomi","__typename":"CountryName"}},{"id":"6921211117438","ean":"6921211117438","name":"Chupa Chups Fizzy Colan ja appelsiinin makuinen tikkari 15g","price":0.69,"storeId":725782447,"__typename":"Product","approxPrice":false,"basicQuantityUnit":"KPL","comparisonPrice":46,"comparisonUnit":"KGM","consumerPackageSize":null,"consumerPackageUnit":null,"priceUnit":"KPL","quantityMultiplier":1,"brandName":"Chupa Chups","slug":"chupa-chups-fizzy-colan-ja-appelsiinin-makuinen-tikkari-15g","isAgeLimitedByAlcohol":false,"frozen":false,"packagingLabels":[],"packagingLabelCodes":[],"hierarchyPath":[{"id":"Herkku_00000321","name":"Tikkarit","slug":"makeiset-ja-naposteltavat-1/muut-makeiset/tikkarit","__typename":"HierarchyPathItem"},{"id":"Herkku_00000057","name":"Muut makeiset","slug":"makeiset-ja-naposteltavat-1/muut-makeiset","__typename":"HierarchyPathItem"},{"id":"Herkku_00000009","name":"Makeiset ja naposteltavat","slug":"makeiset-ja-naposteltavat-1","__typename":"HierarchyPathItem"}],"isGlobalFallback":null,"countryName":{"fi":"Kiina","__typename":"CountryName"}},{"id":"6933362462541","ean":"6933362462541","name":"Miyata 150ml riisiviinietikka","price":1.29,"storeId":725782447,"__typename":"Product","approxPrice":false,"basicQuantityUnit":"KPL","comparisonPrice":8.6,"comparisonUnit":"LTR","consumerPackageSize":null,"consumerPackageUnit":null,"priceUnit":"KPL","quantityMultiplier":1,"brandName":"Miyata","slug":"miyata-150ml-riisiviinietikka","isAgeLimitedByAlcohol":false,"frozen":false,"packagingLabels":[],"packagingLabelCodes":[],"hierarchyPath":[{"id":"Herkku_00000432","name":"Muut maustekastikkeet","slug":"oljyt-mausteet-maustaminen-1/maustekastikkeet-ja-tahnat/muut-maustekastikkeet","__typename":"HierarchyPathItem"},{"id":"Herkku_00000078","name":"Maustekastikkeet ja tahnat","slug":"oljyt-mausteet-maustaminen-1/maustekastikkeet-ja-tahnat","__typename":"HierarchyPathItem"},{"id":"Herkku_00000011","name":"Öljyt, mausteet, maustaminen","slug":"oljyt-mausteet-maustaminen-1","__typename":"HierarchyPathItem"}],"isGlobalFallback":null,"countryName":{"fi":"Kiina","__typename":"CountryName"}},{"id":"6974108060201","ean":"6974108060201","name":"NEWGENE COVID-19 Antigeeni tunnistuspakkaus (nenätesti) 1kpl","price":2.69,"storeId":725782447,"__typename":"Product","approxPrice":false,"basicQuantityUnit":"KPL","comparisonPrice":2.69,"comparisonUnit":"PCE","consumerPackageSize":null,"consumerPackageUnit":null,"priceUnit":"KPL","quantityMultiplier":1,"brandName":"Newgene","slug":"newgene-covid-19-antigeeni-tunnistuspakkaus-nenatesti-1kpl","isAgeLimitedByAlcohol":false,"frozen":false,"packagingLabels":[],"packagingLabelCodes":[],"hierarchyPath":[{"id":"1591691233571279","name":"Raskaustestit ja muut testit","slug":"kosmetiikka-ja-hygienia/intiimihygienia-ja-intiimituotteet/raskaustestit-ja-muut-testit","__typename":"HierarchyPathItem"},{"id":"1591691233571247","name":"Intiimihygienia ja intiimituotteet","slug":"kosmetiikka-ja-hygienia/intiimihygienia-ja-intiimituotteet","__typename":"HierarchyPathItem"},{"id":"1591691233334707","name":"Kosmetiikka ja hygienia","slug":"kosmetiikka-ja-hygienia","__typename":"HierarchyPathItem"}],"isGlobalFallback":null,"countryName":{"fi":"Kiina","__typename":"CountryName"}},{"id":"7037710090055","ean":"7037710090055","name":"Nidar Smash! maitosuklaa maissisnacks 100g","price":2.49,"storeId":725782447,"__typename":"Product","approxPrice":false,"basicQuantityUnit":"KPL","comparisonPrice":24.9,"comparisonUnit":"KGM","consumerPackageSize":null,"consumerPackageUnit":null,"priceUnit":"KPL","quantityMultiplier":1,"brandName":"Smash","slug":"nidar-smash-maitosuklaa-maissisnacks-100g","isAgeLimitedByAlcohol":false,"frozen":false,"packagingLabels":["Rainforest alliance certified (Sammakko-merkki)"],"packagingLabelCodes":["RAINFOREST_ALLIANCE"],"hierarchyPath":[{"id":"Herkku_00000326","name":"Suklaa","slug":"makeiset-ja-naposteltavat-1/karkkipussit/suklaa","__typename":"HierarchyPathItem"},{"id":"Herkku_00000055","name":"Karkkipussit","slug":"makeiset-ja-naposteltavat-1/karkkipussit","__typename":"HierarchyPathItem"},{"id":"Herkku_00000009","name":"Makeiset ja naposteltavat","slug":"makeiset-ja-naposteltavat-1","__typename":"HierarchyPathItem"}],"isGlobalFallback":null,"countryName":{"fi":"Norja","__typename":"CountryName"}},{"id":"7037710090604","ean":"7037710090604","name":"Anyday siemen pähkinäpatukka 40g","price":1.75,"storeId":725782447,"__typename":"Product","approxPrice":false,"basicQuantityUnit":"KPL","comparisonPrice":43.75,"comparisonUnit":"KGM","consumerPackageSize":null,"consumerPackageUnit":null,"priceUnit":"KPL","quantityMultiplier":1,"brandName":"Anyday Nuts","slug":"anyday-siemen-pahkinapatukka-40g","isAgeLimitedByAlcohol":false,"frozen":false,"packagingLabels":[],"packagingLabelCodes":[],"hierarchyPath":[{"id":"1591691259548655","name":"Pähkinäpatukat ja -levyt","slug":"kuivatuotteet-ja-leivonta-1/siemenet-pahkinat-ja-kuivatut-hedelmat/pahkinapatukat-ja-levyt","__typename":"HierarchyPathItem"},{"id":"Herkku_00000050","name":"Siemenet, pähkinät ja kuivatut hedelmät","slug":"kuivatuotteet-ja-leivonta-1/siemenet-pahkinat-ja-kuivatut-hedelmat","__typename":"HierarchyPathItem"},{"id":"Herkku_00000007","name":"Kuivatuotteet ja leivonta","slug":"kuivatuotteet-ja-leivonta-1","__typename":"HierarchyPathItem"}],"isGlobalFallback":null,"countryName":{"fi":"Norja","__typename":"CountryName"}},{"id":"7037710090611","ean":"7037710090611","name":"Anyday marja pähkinäpatukka 44g","price":1.75,"storeId":725782447,"__typename":"Product","approxPrice":false,"basicQuantityUnit":"KPL","comparisonPrice":39.77,"comparisonUnit":"KGM","consumerPackageSize":null,"consumerPackageUnit":null,"priceUnit":"KPL","quantityMultiplier":1,"brandName":"Anyday Nuts","slug":"anyday-marja-pahkinapatukka-44g","isAgeLimitedByAlcohol":false,"frozen":false,"packagingLabels":[],"packagingLabelCodes":[],"hierarchyPath":[{"id":"1591691259548655","name":"Pähkinäpatukat ja -levyt","slug":"kuivatuotteet-ja-leivonta-1/siemenet-pahkinat-ja-kuivatut-hedelmat/pahkinapatukat-ja-levyt","__typename":"HierarchyPathItem"},{"id":"Herkku_00000050","name":"Siemenet, pähkinät ja kuivatut hedelmät","slug":"kuivatuotteet-ja-leivonta-1/siemenet-pahkinat-ja-kuivatut-hedelmat","__typename":"HierarchyPathItem"},{"id":"Herkku_00000007","name":"Kuivatuotteet ja leivonta","slug":"kuivatuotteet-ja-leivonta-1","__typename":"HierarchyPathItem"}],"isGlobalFallback":null,"countryName":{"fi":"Norja","__typename":"CountryName"}},{"id":"7038513907113","ean":"7038513907113","name":"Jordan täyttöpakkaus hammastikku 2x125kpl","price":3.99,"storeId":725782447,"__typename":"Product","approxPrice":false,"basicQuantityUnit":"KPL","comparisonPrice":0.02,"comparisonUnit":"PCE","consumerPackageSize":null,"consumerPackageUnit":null,"priceUnit":"KPL","quantityMultiplier":1,"brandName":"Jordan","slug":"jordan-tayttopakkaus-hammastikku-2x125kpl","isAgeLimitedByAlcohol":false,"frozen":false,"packagingLabels":["Green Dot"],"packagingLabelCodes":["GREEN_DOT"],"hierarchyPath":[{"id":"1591691233571232","name":"Hammaslangat, -tikut ja muut","slug":"kosmetiikka-ja-hygienia/suunhoito/hammaslangat-tikut-ja-muut","__typename":"HierarchyPathItem"},{"id":"1591691233571225","name":"Suunhoito","slug":"kosmetiikka-ja-hygienia/suunhoito","__typename":"HierarchyPathItem"},{"id":"1591691233334707","name":"Kosmetiikka ja hygienia","slug":"kosmetiikka-ja-hygienia","__typename":"HierarchyPathItem"}],"isGlobalFallback":null,"countryName":{"fi":"Norja","__typename":"CountryName"}},{"id":"7038513908301","ean":"7038513908301","name":"Jordan Clean Between Regular Size hammastikku 20kpl","price":2.89,"storeId":725782447,"__typename":"Product","approxPrice":false,"basicQuantityUnit":"KPL","comparisonPrice":0.14,"comparisonUnit":"PCE","consumerPackageSize":null,"consumerPackageUnit":null,"priceUnit":"KPL","quantityMultiplier":1,"brandName":"Jordan","slug":"jordan-clean-between-regular-size-hammastikku-20kpl","isAgeLimitedByAlcohol":false,"frozen":false,"packagingLabels":[],"packagingLabelCodes":[],"hierarchyPath":[{"id":"1591691233571232","name":"Hammaslangat, -tikut ja muut","slug":"kosmetiikka-ja-hygienia/suunhoito/hammaslangat-tikut-ja-muut","__typename":"HierarchyPathItem"},{"id":"1591691233571225","name":"Suunhoito","slug":"kosmetiikka-ja-hygienia/suunhoito","__typename":"HierarchyPathItem"},{"id":"1591691233334707","name":"Kosmetiikka ja hygienia","slug":"kosmetiikka-ja-hygienia","__typename":"HierarchyPathItem"}],"isGlobalFallback":null,"countryName":{"fi":"Malesia","__typename":"CountryName"}},{"id":"7039010570572","ean":"7039010570572","name":"Grandiosa jauheliha ja sipuli perhepizza 525g","price":6.2,"storeId":725782447,"__typename":"Product","approxPrice":false,"basicQuantityUnit":"KPL","comparisonPrice":11.81,"comparisonUnit":"KGM","consumerPackageSize":null,"consumerPackageUnit":null,"priceUnit":"KPL","quantityMultiplier":1,"brandName":"Grandiosa","slug":"grandiosa-jauheliha-ja-sipuli-perhepizza-525g","isAgeLimitedByAlcohol":false,"frozen":true,"packagingLabels":[],"packagingLabelCodes":[],"hierarchyPath":[{"id":"1591691225905856","name":"Pakastepizzat","slug":"pakasteet-1/pakastepizzat/pakastepizzat","__typename":"HierarchyPathItem"},{"id":"1591691225905854","name":"Pakastepizzat","slug":"pakasteet-1/pakastepizzat","__typename":"HierarchyPathItem"},{"id":"Herkku_00000013","name":"Pakasteet","slug":"pakasteet-1","__typename":"HierarchyPathItem"}],"isGlobalFallback":null,"countryName":{"fi":"Norja","__typename":"CountryName"}},{"id":"7039010573573","ean":"7039010573573","name":"Grandiosa BigOne pan pizza classic, juustoa, tomaattikastiketta ja naudanlihaa 570g","price":6.55,"storeId":725782447,"__typename":"Product","approxPrice":false,"basicQuantityUnit":"KPL","comparisonPrice":11.49,"comparisonUnit":"KGM","consumerPackageSize":null,"consumerPackageUnit":null,"priceUnit":"KPL","quantityMultiplier":1,"brandName":"Grandiosa","slug":"grandiosa-bigone-pan-pizza-classic-juustoa-tomaattikastiketta-ja-naudanlihaa-570g","isAgeLimitedByAlcohol":false,"frozen":true,"packagingLabels":[],"packagingLabelCodes":[],"hierarchyPath":[{"id":"1591691225905856","name":"Pakastepizzat","slug":"pakasteet-1/pakastepizzat/pakastepizzat","__typename":"HierarchyPathItem"},{"id":"1591691225905854","name":"Pakastepizzat","slug":"pakasteet-1/pakastepizzat","__typename":"HierarchyPathItem"},{"id":"Herkku_00000013","name":"Pakasteet","slug":"pakasteet-1","__typename":"HierarchyPathItem"}],"isGlobalFallback":null,"countryName":{"fi":"Norja","__typename":"CountryName"}},{"id":"7039010573597","ean":"7039010573597","name":"Grandiosa BigOne pan pizza double pepperoni, juustoa ja pepperonimakkaraa pakaste 590g","price":6.55,"storeId":725782447,"__typename":"Product","approxPrice":false,"basicQuantityUnit":"KPL","comparisonPrice":11.1,"comparisonUnit":"KGM","consumerPackageSize":null,"consumerPackageUnit":null,"priceUnit":"KPL","quantityMultiplier":1,"brandName":"Grandiosa","slug":"grandiosa-bigone-pan-pizza-double-pepperoni-juustoa-ja-pepperonimakkaraa-pakaste-590g","isAgeLimitedByAlcohol":false,"frozen":true,"packagingLabels":[],"packagingLabelCodes":[],"hierarchyPath":[{"id":"1591691225905856","name":"Pakastepizzat","slug":"pakasteet-1/pakastepizzat/pakastepizzat","__typename":"HierarchyPathItem"},{"id":"1591691225905854","name":"Pakastepizzat","slug":"pakasteet-1/pakastepizzat","__typename":"HierarchyPathItem"},{"id":"Herkku_00000013","name":"Pakasteet","slug":"pakasteet-1","__typename":"HierarchyPathItem"}],"isGlobalFallback":null,"countryName":{"fi":"Norja","__typename":"CountryName"}},{"id":"7039317006439","ean":"7039317006439","name":"Anyday Nut mix pähkinäsekoitus 140g","price":4.29,"storeId":725782447,"__typename":"Product","approxPrice":false,"basicQuantityUnit":"KPL","comparisonPrice":30.64,"comparisonUnit":"KGM","consumerPackageSize":null,"consumerPackageUnit":null,"priceUnit":"KPL","quantityMultiplier":1,"brandName":"Anyday Nuts","slug":"anyday-nut-mix-pahkinasekoitus-140g","isAgeLimitedByAlcohol":false,"frozen":false,"packagingLabels":[],"packagingLabelCodes":[],"hierarchyPath":[{"id":"Herkku_00000305","name":"Pähkinät","slug":"kuivatuotteet-ja-leivonta-1/siemenet-pahkinat-ja-kuivatut-hedelmat/pahkinat","__typename":"HierarchyPathItem"},{"id":"Herkku_00000050","name":"Siemenet, pähkinät ja kuivatut hedelmät","slug":"kuivatuotteet-ja-leivonta-1/siemenet-pahkinat-ja-kuivatut-hedelmat","__typename":"HierarchyPathItem"},{"id":"Herkku_00000007","name":"Kuivatuotteet ja leivonta","slug":"kuivatuotteet-ja-leivonta-1","__typename":"HierarchyPathItem"}],"isGlobalFallback":null,"countryName":{"fi":"Norja","__typename":"CountryName"}},{"id":"7039317006446","ean":"7039317006446","name":"Anyday Nut selection pähkinäsekoitus 140g","price":4.85,"storeId":725782447,"__typename":"Product","approxPrice":false,"basicQuantityUnit":"KPL","comparisonPrice":34.64,"comparisonUnit":"KGM","consumerPackageSize":null,"consumerPackageUnit":null,"priceUnit":"KPL","quantityMultiplier":1,"brandName":"Anyday Nuts","slug":"anyday-nut-selection-pahkinasekoitus-140g","isAgeLimitedByAlcohol":false,"frozen":false,"packagingLabels":[],"packagingLabelCodes":[],"hierarchyPath":[{"id":"Herkku_00000305","name":"Pähkinät","slug":"kuivatuotteet-ja-leivonta-1/siemenet-pahkinat-ja-kuivatut-hedelmat/pahkinat","__typename":"HierarchyPathItem"},{"id":"Herkku_00000050","name":"Siemenet, pähkinät ja kuivatut hedelmät","slug":"kuivatuotteet-ja-leivonta-1/siemenet-pahkinat-ja-kuivatut-hedelmat","__typename":"HierarchyPathItem"},{"id":"Herkku_00000007","name":"Kuivatuotteet ja leivonta","slug":"kuivatuotteet-ja-leivonta-1","__typename":"HierarchyPathItem"}],"isGlobalFallback":null,"countryName":{"fi":"Norja","__typename":"CountryName"}},{"id":"7039317006460","ean":"7039317006460","name":"Anyday Cashew pähkinät 140g","price":4.29,"storeId":725782447,"__typename":"Product","approxPrice":false,"basicQuantityUnit":"KPL","comparisonPrice":30.64,"comparisonUnit":"KGM","consumerPackageSize":null,"consumerPackageUnit":null,"priceUnit":"KPL","quantityMultiplier":1,"brandName":"Anyday Nuts","slug":"anyday-cashew-pahkinat-140g","isAgeLimitedByAlcohol":false,"frozen":false,"packagingLabels":[],"packagingLabelCodes":[],"hierarchyPath":[{"id":"Herkku_00000305","name":"Pähkinät","slug":"kuivatuotteet-ja-leivonta-1/siemenet-pahkinat-ja-kuivatut-hedelmat/pahkinat","__typename":"HierarchyPathItem"},{"id":"Herkku_00000050","name":"Siemenet, pähkinät ja kuivatut hedelmät","slug":"kuivatuotteet-ja-leivonta-1/siemenet-pahkinat-ja-kuivatut-hedelmat","__typename":"HierarchyPathItem"},{"id":"Herkku_00000007","name":"Kuivatuotteet ja leivonta","slug":"kuivatuotteet-ja-leivonta-1","__typename":"HierarchyPathItem"}],"isGlobalFallback":null,"countryName":{"fi":"Norja","__typename":"CountryName"}},{"id":"7041111122222","ean":"7041111122222","name":"Den Lille Nøttefabrikken NøttiFrutti Pähkinä-hedelmäsekoitus 60g","price":1.98,"storeId":725782447,"__typename":"Product","approxPrice":false,"basicQuantityUnit":"KPL","comparisonPrice":33,"comparisonUnit":"KGM","consumerPackageSize":null,"consumerPackageUnit":null,"priceUnit":"KPL","quantityMultiplier":1,"brandName":"Den Lille Nøttefabrikken","slug":"den-lille-nottefabrikken-nottifrutti-pahkina-hedelmasekoitus-60g","isAgeLimitedByAlcohol":false,"frozen":false,"packagingLabels":[],"packagingLabelCodes":[],"hierarchyPath":[{"id":"Herkku_00000308","name":"Hedelmä-pähkinä sekoitukset","slug":"kuivatuotteet-ja-leivonta-1/siemenet-pahkinat-ja-kuivatut-hedelmat/hedelma-pahkina-sekoitukset","__typename":"HierarchyPathItem"},{"id":"Herkku_00000050","name":"Siemenet, pähkinät ja kuivatut hedelmät","slug":"kuivatuotteet-ja-leivonta-1/siemenet-pahkinat-ja-kuivatut-hedelmat","__typename":"HierarchyPathItem"},{"id":"Herkku_00000007","name":"Kuivatuotteet ja leivonta","slug":"kuivatuotteet-ja-leivonta-1","__typename":"HierarchyPathItem"}],"isGlobalFallback":null,"countryName":{"fi":"Yhdysvallat","__typename":"CountryName"}},{"id":"7041111135802","ean":"7041111135802","name":"Den Lille Nøttefabrikken NøttiFrutti Yoghurt pähkinä-hedelmäsekoitus170g","price":4.85,"storeId":725782447,"__typename":"Product","approxPrice":false,"basicQuantityUnit":"KPL","comparisonPrice":28.53,"comparisonUnit":"KGM","consumerPackageSize":null,"consumerPackageUnit":null,"priceUnit":"KPL","quantityMultiplier":1,"brandName":"Den Lille Nøttefabrikken","slug":"den-lille-nottefabrikken-nottifrutti-yoghurt-pahkina-hedelmasekoitus170g","isAgeLimitedByAlcohol":false,"frozen":false,"packagingLabels":[],"packagingLabelCodes":[],"hierarchyPath":[{"id":"Herkku_00000305","name":"Pähkinät","slug":"kuivatuotteet-ja-leivonta-1/siemenet-pahkinat-ja-kuivatut-hedelmat/pahkinat","__typename":"HierarchyPathItem"},{"id":"Herkku_00000050","name":"Siemenet, pähkinät ja kuivatut hedelmät","slug":"kuivatuotteet-ja-leivonta-1/siemenet-pahkinat-ja-kuivatut-hedelmat","__typename":"HierarchyPathItem"},{"id":"Herkku_00000007","name":"Kuivatuotteet ja leivonta","slug":"kuivatuotteet-ja-leivonta-1","__typename":"HierarchyPathItem"}],"isGlobalFallback":null,"countryName":{"fi":"Norja","__typename":"CountryName"}},{"id":"7041111138346","ean":"7041111138346","name":"Den Lille Nøttefabrikken Nøtti Frutti Pähkinä-hedelmäsekoitus190g","price":3.95,"storeId":725782447,"__typename":"Product","approxPrice":false,"basicQuantityUnit":"KPL","comparisonPrice":20.79,"comparisonUnit":"KGM","consumerPackageSize":null,"consumerPackageUnit":null,"priceUnit":"KPL","quantityMultiplier":1,"brandName":"Den Lille Nøttefabrikken","slug":"den-lille-nottefabrikken-notti-frutti-pahkina-hedelmasekoitus190g","isAgeLimitedByAlcohol":false,"frozen":false,"packagingLabels":[],"packagingLabelCodes":[],"hierarchyPath":[{"id":"Herkku_00000308","name":"Hedelmä-pähkinä sekoitukset","slug":"kuivatuotteet-ja-leivonta-1/siemenet-pahkinat-ja-kuivatut-hedelmat/hedelma-pahkina-sekoitukset","__typename":"HierarchyPathItem"},{"id":"Herkku_00000050","name":"Siemenet, pähkinät ja kuivatut hedelmät","slug":"kuivatuotteet-ja-leivonta-1/siemenet-pahkinat-ja-kuivatut-hedelmat","__typename":"HierarchyPathItem"},{"id":"Herkku_00000007","name":"Kuivatuotteet ja leivonta","slug":"kuivatuotteet-ja-leivonta-1","__typename":"HierarchyPathItem"}],"isGlobalFallback":null,"countryName":{"fi":"Yhdysvallat","__typename":"CountryName"}},{"id":"7041111139985","ean":"7041111139985","name":"Den Lille Nøttefabrikken Nøtti Frutti Salt & Søtt pähkinä-hedelmäsekoitus RA 170g","price":4.15,"storeId":725782447,"__typename":"Product","approxPrice":false,"basicQuantityUnit":"KPL","comparisonPrice":24.41,"comparisonUnit":"KGM","consumerPackageSize":null,"consumerPackageUnit":null,"priceUnit":"KPL","quantityMultiplier":1,"brandName":"DLN","slug":"den-lille-nottefabrikken-notti-frutti-salt-and-sott-pahkina-hedelmasekoitus-ra-170g","isAgeLimitedByAlcohol":false,"frozen":false,"packagingLabels":["Rainforest alliance certified (Sammakko-merkki)"],"packagingLabelCodes":["RAINFOREST_ALLIANCE"],"hierarchyPath":[{"id":"Herkku_00000308","name":"Hedelmä-pähkinä sekoitukset","slug":"kuivatuotteet-ja-leivonta-1/siemenet-pahkinat-ja-kuivatut-hedelmat/hedelma-pahkina-sekoitukset","__typename":"HierarchyPathItem"},{"id":"Herkku_00000050","name":"Siemenet, pähkinät ja kuivatut hedelmät","slug":"kuivatuotteet-ja-leivonta-1/siemenet-pahkinat-ja-kuivatut-hedelmat","__typename":"HierarchyPathItem"},{"id":"Herkku_00000007","name":"Kuivatuotteet ja leivonta","slug":"kuivatuotteet-ja-leivonta-1","__typename":"HierarchyPathItem"}],"isGlobalFallback":null,"countryName":{"fi":"Norja","__typename":"CountryName"}},{"id":"7042110081848","ean":"7042110081848","name":"Gourmet 85g Gold Tonnikala Mousse kissanruoka","price":0.84,"storeId":725782447,"__typename":"Product","approxPrice":false,"basicQuantityUnit":"KPL","comparisonPrice":9.88,"comparisonUnit":"KGM","consumerPackageSize":null,"consumerPackageUnit":null,"priceUnit":"KPL","quantityMultiplier":1,"brandName":"Gourmet Gold","slug":"gourmet-85g-gold-tonnikala-mousse-kissanruoka","isAgeLimitedByAlcohol":false,"frozen":false,"packagingLabels":[],"packagingLabelCodes":[],"hierarchyPath":[{"id":"Herkku_00000533","name":"Kissan kostea ruoka","slug":"lemmikit-1/kissanruoat/kissan-kostea-ruoka","__typename":"HierarchyPathItem"},{"id":"Herkku_00000101","name":"Kissanruoat","slug":"lemmikit-1/kissanruoat","__typename":"HierarchyPathItem"},{"id":"Herkku_00000012","name":"Lemmikit","slug":"lemmikit-1","__typename":"HierarchyPathItem"}],"isGlobalFallback":null,"countryName":{"fi":"Ranska","__typename":"CountryName"}},{"id":"7046110075562","ean":"7046110075562","name":"Jordan Mild fruity taste junior 6-12 vuotta lasten hammastahna 50ml","price":2.25,"storeId":725782447,"__typename":"Product","approxPrice":false,"basicQuantityUnit":"KPL","comparisonPrice":45,"comparisonUnit":"LTR","consumerPackageSize":null,"consumerPackageUnit":null,"priceUnit":"KPL","quantityMultiplier":1,"brandName":"Jordan","slug":"jordan-mild-fruity-taste-junior-6-12-vuotta-lasten-hammastahna-50ml","isAgeLimitedByAlcohol":false,"frozen":false,"packagingLabels":[],"packagingLabelCodes":[],"hierarchyPath":[{"id":"1591691233571227","name":"Hammastahnat","slug":"kosmetiikka-ja-hygienia/suunhoito/hammastahnat","__typename":"HierarchyPathItem"},{"id":"1591691233571225","name":"Suunhoito","slug":"kosmetiikka-ja-hygienia/suunhoito","__typename":"HierarchyPathItem"},{"id":"1591691233334707","name":"Kosmetiikka ja hygienia","slug":"kosmetiikka-ja-hygienia","__typename":"HierarchyPathItem"}],"isGlobalFallback":null,"countryName":{"fi":"Ruotsi","__typename":"CountryName"}},{"id":"7046110077115","ean":"7046110077115","name":"Jordan Individual Sensitive ultrasoft hammasharja 1kpl","price":3.45,"storeId":725782447,"__typename":"Product","approxPrice":false,"basicQuantityUnit":"KPL","comparisonPrice":3.45,"comparisonUnit":"PCE","consumerPackageSize":null,"consumerPackageUnit":null,"priceUnit":"KPL","quantityMultiplier":1,"brandName":"Jordan","slug":"jordan-individual-sensitive-ultrasoft-hammasharja-1kpl","isAgeLimitedByAlcohol":false,"frozen":false,"packagingLabels":[],"packagingLabelCodes":[],"hierarchyPath":[{"id":"1591691233571226","name":"Hammasharjat","slug":"kosmetiikka-ja-hygienia/suunhoito/hammasharjat","__typename":"HierarchyPathItem"},{"id":"1591691233571225","name":"Suunhoito","slug":"kosmetiikka-ja-hygienia/suunhoito","__typename":"HierarchyPathItem"},{"id":"1591691233334707","name":"Kosmetiikka ja hygienia","slug":"kosmetiikka-ja-hygienia","__typename":"HierarchyPathItem"}],"isGlobalFallback":null,"countryName":{"fi":"Malesia","__typename":"CountryName"}},{"id":"7070866007119","ean":"7070866007119","name":"Möller Kalanmaksaöljy Natural Omega-3 Vitamiinit A-D-E ravintolisä 500ml","price":15.95,"storeId":725782447,"__typename":"Product","approxPrice":false,"basicQuantityUnit":"KPL","comparisonPrice":31.9,"comparisonUnit":"LTR","consumerPackageSize":null,"consumerPackageUnit":null,"priceUnit":"KPL","quantityMultiplier":1,"brandName":"Möller","slug":"moller-kalanmaksaoljy-natural-omega-3-vitamiinit-a-d-e-ravintolisa-500ml","isAgeLimitedByAlcohol":false,"frozen":false,"packagingLabels":[],"packagingLabelCodes":[],"hierarchyPath":[{"id":"Herkku_00001041","name":"Kalaöljyvalmisteet","slug":"luontaistuotteet-ja-lisaravinteet-1/rasvahappovalmisteet/kalaoljyvalmisteet","__typename":"HierarchyPathItem"},{"id":"Herkku_00000176","name":"Rasvahappovalmisteet","slug":"luontaistuotteet-ja-lisaravinteet-1/rasvahappovalmisteet","__typename":"HierarchyPathItem"},{"id":"Herkku_00000016","name":"Luontaistuotteet ja lisäravinteet","slug":"luontaistuotteet-ja-lisaravinteet-1","__typename":"HierarchyPathItem"}],"isGlobalFallback":null,"countryName":{"fi":"Norja","__typename":"CountryName"}},{"id":"7070866009113","ean":"7070866009113","name":"Nutrilett Chocolate Crunch & Sea Salt bar Suklaacrunchpatukka merisuolalla atreriankorvikepatukka 60g","price":2.05,"storeId":725782447,"__typename":"Product","approxPrice":false,"basicQuantityUnit":"KPL","comparisonPrice":34.17,"comparisonUnit":"KGM","consumerPackageSize":null,"consumerPackageUnit":null,"priceUnit":"KPL","quantityMultiplier":1,"brandName":"Nutrilett","slug":"nutrilett-chocolate-crunch-and-sea-salt-bar-suklaacrunchpatukka-merisuolalla-atreriankorvikepatukka-60g","isAgeLimitedByAlcohol":false,"frozen":false,"packagingLabels":["Rainforest alliance certified (Sammakko-merkki)"],"packagingLabelCodes":["RAINFOREST_ALLIANCE"],"hierarchyPath":[{"id":"Herkku_00001006","name":"Lcd ateriankorvikepatukat","slug":"luontaistuotteet-ja-lisaravinteet-1/lcd-tuotteet/lcd-ateriankorvikepatukat","__typename":"HierarchyPathItem"},{"id":"Herkku_00000166","name":"Lcd-tuotteet","slug":"luontaistuotteet-ja-lisaravinteet-1/lcd-tuotteet","__typename":"HierarchyPathItem"},{"id":"Herkku_00000016","name":"Luontaistuotteet ja lisäravinteet","slug":"luontaistuotteet-ja-lisaravinteet-1","__typename":"HierarchyPathItem"}],"isGlobalFallback":null,"countryName":{"fi":"Alankomaat","__typename":"CountryName"}},{"id":"7070866011109","ean":"7070866011109","name":"Nutrilett Premium Dark Chocolate bar ateriankorvikepatukka painonhallintaan 4x59g","price":6.45,"storeId":725782447,"__typename":"Product","approxPrice":false,"basicQuantityUnit":"KPL","comparisonPrice":26.88,"comparisonUnit":"KGM","consumerPackageSize":null,"consumerPackageUnit":null,"priceUnit":"KPL","quantityMultiplier":1,"brandName":"Nutrilett","slug":"nutrilett-premium-dark-chocolate-bar-ateriankorvikepatukka-painonhallintaan-4x59g","isAgeLimitedByAlcohol":false,"frozen":false,"packagingLabels":["Rainforest alliance certified (Sammakko-merkki)"],"packagingLabelCodes":["RAINFOREST_ALLIANCE"],"hierarchyPath":[{"id":"Herkku_00001006","name":"Lcd ateriankorvikepatukat","slug":"luontaistuotteet-ja-lisaravinteet-1/lcd-tuotteet/lcd-ateriankorvikepatukat","__typename":"HierarchyPathItem"},{"id":"Herkku_00000166","name":"Lcd-tuotteet","slug":"luontaistuotteet-ja-lisaravinteet-1/lcd-tuotteet","__typename":"HierarchyPathItem"},{"id":"Herkku_00000016","name":"Luontaistuotteet ja lisäravinteet","slug":"luontaistuotteet-ja-lisaravinteet-1","__typename":"HierarchyPathItem"}],"isGlobalFallback":null,"countryName":{"fi":"Alankomaat","__typename":"CountryName"}},{"id":"7070866012175","ean":"7070866012175","name":"Nutrilett Nordic berries smoothie vähälaktoosinen Pohjoisten marjojen makuinen smoothie - ateriankorvike painonhallintaan 330 ml","price":2.15,"storeId":725782447,"__typename":"Product","approxPrice":false,"basicQuantityUnit":"KPL","comparisonPrice":6.52,"comparisonUnit":"LTR","consumerPackageSize":null,"consumerPackageUnit":null,"priceUnit":"KPL","quantityMultiplier":1,"brandName":"Nutrilett","slug":"nutrilett-nordic-berries-smoothie-vahalaktoosinen-pohjoisten-marjojen-makuinen-smoothie-ateriankorvike-painonhallintaan-330-ml","isAgeLimitedByAlcohol":false,"frozen":false,"packagingLabels":["FSC-sertifikaatti (Forest Stewardship Council)"," Kierrätysmerkki"],"packagingLabelCodes":["FOREST_STEWARDSHIP_COUNCIL_LABEL"," RECYCLABLE_GENERAL_CLAIM"],"hierarchyPath":[{"id":"Herkku_00001007","name":"Lcd ateriankorvikejuomat","slug":"luontaistuotteet-ja-lisaravinteet-1/lcd-tuotteet/lcd-ateriankorvikejuomat","__typename":"HierarchyPathItem"},{"id":"Herkku_00000166","name":"Lcd-tuotteet","slug":"luontaistuotteet-ja-lisaravinteet-1/lcd-tuotteet","__typename":"HierarchyPathItem"},{"id":"Herkku_00000016","name":"Luontaistuotteet ja lisäravinteet","slug":"luontaistuotteet-ja-lisaravinteet-1","__typename":"HierarchyPathItem"}],"isGlobalFallback":null,"countryName":{"fi":"Saksa","__typename":"CountryName"}},{"id":"7070866012205","ean":"7070866012205","name":"Nutrilett Tasty Tropical Smoothie vähälaktoosinen Trooppinen smoothie - ateriankorvike painonhallintaan 330 ml","price":2.15,"storeId":725782447,"__typename":"Product","approxPrice":false,"basicQuantityUnit":"KPL","comparisonPrice":6.52,"comparisonUnit":"LTR","consumerPackageSize":null,"consumerPackageUnit":null,"priceUnit":"KPL","quantityMultiplier":1,"brandName":"Nutrilett","slug":"nutrilett-tasty-tropical-smoothie-vahalaktoosinen-trooppinen-smoothie-ateriankorvike-painonhallintaan-330-ml","isAgeLimitedByAlcohol":false,"frozen":false,"packagingLabels":["FSC-sertifikaatti (Forest Stewardship Council)"," Kierrätysmerkki"],"packagingLabelCodes":["FOREST_STEWARDSHIP_COUNCIL_LABEL"," RECYCLABLE_GENERAL_CLAIM"],"hierarchyPath":[{"id":"Herkku_00001007","name":"Lcd ateriankorvikejuomat","slug":"luontaistuotteet-ja-lisaravinteet-1/lcd-tuotteet/lcd-ateriankorvikejuomat","__typename":"HierarchyPathItem"},{"id":"Herkku_00000166","name":"Lcd-tuotteet","slug":"luontaistuotteet-ja-lisaravinteet-1/lcd-tuotteet","__typename":"HierarchyPathItem"},{"id":"Herkku_00000016","name":"Luontaistuotteet ja lisäravinteet","slug":"luontaistuotteet-ja-lisaravinteet-1","__typename":"HierarchyPathItem"}],"isGlobalFallback":null,"countryName":{"fi":"Saksa","__typename":"CountryName"}},{"id":"7070866012236","ean":"7070866012236","name":"Nutrilett Rich Chocolate flavoured shake vähälaktoosinen suklaanmakuinen juoma - ateriankorvike painonhallintaan 330 ml","price":2.15,"storeId":725782447,"__typename":"Product","approxPrice":false,"basicQuantityUnit":"KPL","comparisonPrice":6.52,"comparisonUnit":"LTR","consumerPackageSize":null,"consumerPackageUnit":null,"priceUnit":"KPL","quantityMultiplier":1,"brandName":"Nutrilett","slug":"nutrilett-rich-chocolate-flavoured-shake-vahalaktoosinen-suklaanmakuinen-juoma-ateriankorvike-painonhallintaan-330-ml","isAgeLimitedByAlcohol":false,"frozen":false,"packagingLabels":["FSC-sertifikaatti (Forest Stewardship Council)"," Kierrätysmerkki"," Rainforest alliance certified (Sammakko-merkki)"],"packagingLabelCodes":["FOREST_STEWARDSHIP_COUNCIL_LABEL"," RAINFOREST_ALLIANCE"," RECYCLABLE_GENERAL_CLAIM"],"hierarchyPath":[{"id":"Herkku_00001007","name":"Lcd ateriankorvikejuomat","slug":"luontaistuotteet-ja-lisaravinteet-1/lcd-tuotteet/lcd-ateriankorvikejuomat","__typename":"HierarchyPathItem"},{"id":"Herkku_00000166","name":"Lcd-tuotteet","slug":"luontaistuotteet-ja-lisaravinteet-1/lcd-tuotteet","__typename":"HierarchyPathItem"},{"id":"Herkku_00000016","name":"Luontaistuotteet ja lisäravinteet","slug":"luontaistuotteet-ja-lisaravinteet-1","__typename":"HierarchyPathItem"}],"isGlobalFallback":null,"countryName":{"fi":"Saksa","__typename":"CountryName"}},{"id":"7070866014735","ean":"7070866014735","name":"Möller Tupla säästöpakkaus omega-3-rasvahappo-vitamiinikapseli ravintolisä 144g/160kaps","price":13.25,"storeId":725782447,"__typename":"Product","approxPrice":false,"basicQuantityUnit":"KPL","comparisonPrice":0.08,"comparisonUnit":"PCE","consumerPackageSize":null,"consumerPackageUnit":null,"priceUnit":"KPL","quantityMultiplier":1,"brandName":"Möller","slug":"moller-tupla-saastopakkaus-omega-3-rasvahappo-vitamiinikapseli-ravintolisa-144g160kaps","isAgeLimitedByAlcohol":false,"frozen":false,"packagingLabels":[],"packagingLabelCodes":[],"hierarchyPath":[{"id":"Herkku_00001037","name":"Kalaöljy- ja vitamiinivalmisteet","slug":"luontaistuotteet-ja-lisaravinteet-1/rasvahappovalmisteet/kalaoljy-ja-vitamiinivalmisteet","__typename":"HierarchyPathItem"},{"id":"Herkku_00000176","name":"Rasvahappovalmisteet","slug":"luontaistuotteet-ja-lisaravinteet-1/rasvahappovalmisteet","__typename":"HierarchyPathItem"},{"id":"Herkku_00000016","name":"Luontaistuotteet ja lisäravinteet","slug":"luontaistuotteet-ja-lisaravinteet-1","__typename":"HierarchyPathItem"}],"isGlobalFallback":null,"countryName":{"fi":"Norja","__typename":"CountryName"}},{"id":"7070866017712","ean":"7070866017712","name":"Sana-sol Vitanallet Vadelman-, appelsiinin- ja mustikanmakuinen pehmeä, sokeriton ja pureskeltava monivitamiinivalmiste 60kpl","price":10.45,"storeId":725782447,"__typename":"Product","approxPrice":false,"basicQuantityUnit":"KPL","comparisonPrice":0.17,"comparisonUnit":"PCE","consumerPackageSize":null,"consumerPackageUnit":null,"priceUnit":"KPL","quantityMultiplier":1,"brandName":"Sana-sol","slug":"sana-sol-vitanallet-vadelman-appelsiinin-ja-mustikanmakuinen-pehmea-sokeriton-ja-pureskeltava-monivitamiinivalmiste-60kpl","isAgeLimitedByAlcohol":false,"frozen":false,"packagingLabels":[],"packagingLabelCodes":[],"hierarchyPath":[{"id":"Herkku_00001044","name":"Monivitamiinit","slug":"luontaistuotteet-ja-lisaravinteet-1/vitamiinit/monivitamiinit","__typename":"HierarchyPathItem"},{"id":"Herkku_00000177","name":"Vitamiinit","slug":"luontaistuotteet-ja-lisaravinteet-1/vitamiinit","__typename":"HierarchyPathItem"},{"id":"Herkku_00000016","name":"Luontaistuotteet ja lisäravinteet","slug":"luontaistuotteet-ja-lisaravinteet-1","__typename":"HierarchyPathItem"}],"isGlobalFallback":null,"countryName":{"fi":"Saksa","__typename":"CountryName"}},{"id":"7070866022297","ean":"7070866022297","name":"Sana-sol Vitanallet vadelman-, appelsiinin- ja mustikanmakuinen pehmeä, sokeriton ja pureskeltava monivitamiinivalmiste 120kpl","price":17.95,"storeId":725782447,"__typename":"Product","approxPrice":false,"basicQuantityUnit":"KPL","comparisonPrice":0.15,"comparisonUnit":"PCE","consumerPackageSize":null,"consumerPackageUnit":null,"priceUnit":"KPL","quantityMultiplier":1,"brandName":"Sana-sol","slug":"sana-sol-vitanallet-vadelman-appelsiinin-ja-mustikanmakuinen-pehmea-sokeriton-ja-pureskeltava-monivitamiinivalmiste-120kpl","isAgeLimitedByAlcohol":false,"frozen":false,"packagingLabels":[],"packagingLabelCodes":[],"hierarchyPath":[{"id":"Herkku_00001044","name":"Monivitamiinit","slug":"luontaistuotteet-ja-lisaravinteet-1/vitamiinit/monivitamiinit","__typename":"HierarchyPathItem"},{"id":"Herkku_00000177","name":"Vitamiinit","slug":"luontaistuotteet-ja-lisaravinteet-1/vitamiinit","__typename":"HierarchyPathItem"},{"id":"Herkku_00000016","name":"Luontaistuotteet ja lisäravinteet","slug":"luontaistuotteet-ja-lisaravinteet-1","__typename":"HierarchyPathItem"}],"isGlobalFallback":null,"countryName":{"fi":"Saksa","__typename":"CountryName"}},{"id":"7070866022716","ean":"7070866022716","name":"Nutrilett Cocoa & Oat vähälaktoosinen VLCD valmis kaakao&kauramaitopirtelö  330ml","price":2.15,"storeId":725782447,"__typename":"Product","approxPrice":false,"basicQuantityUnit":"KPL","comparisonPrice":6.52,"comparisonUnit":"LTR","consumerPackageSize":null,"consumerPackageUnit":null,"priceUnit":"KPL","quantityMultiplier":1,"brandName":"Nutrilett","slug":"nutrilett-cocoa-and-oat-vahalaktoosinen-vlcd-valmis-kaakaoandkauramaitopirtelo-330ml","isAgeLimitedByAlcohol":false,"frozen":false,"packagingLabels":["Rainforest alliance certified (Sammakko-merkki)"],"packagingLabelCodes":["RAINFOREST_ALLIANCE"],"hierarchyPath":[{"id":"Herkku_00001008","name":"Vlcd-pirtelöt","slug":"luontaistuotteet-ja-lisaravinteet-1/vlcd-tuotteet/vlcd-pirtelot","__typename":"HierarchyPathItem"},{"id":"Herkku_00000167","name":"Vlcd-tuotteet","slug":"luontaistuotteet-ja-lisaravinteet-1/vlcd-tuotteet","__typename":"HierarchyPathItem"},{"id":"Herkku_00000016","name":"Luontaistuotteet ja lisäravinteet","slug":"luontaistuotteet-ja-lisaravinteet-1","__typename":"HierarchyPathItem"}],"isGlobalFallback":null,"countryName":{"fi":"Saksa","__typename":"CountryName"}},{"id":"7070866030339","ean":"7070866030339","name":"Sana-sol Vitanallet Omena & Päärynä pehmeä, sokeriton ja pureskeltava monivitamiinivalmiste 120kpl","price":17.95,"storeId":725782447,"__typename":"Product","approxPrice":false,"basicQuantityUnit":"KPL","comparisonPrice":0.15,"comparisonUnit":"PCE","consumerPackageSize":null,"consumerPackageUnit":null,"priceUnit":"KPL","quantityMultiplier":1,"brandName":"Sana-sol","slug":"sana-sol-vitanallet-omena-and-paaryna-pehmea-sokeriton-ja-pureskeltava-monivitamiinivalmiste-120kpl","isAgeLimitedByAlcohol":false,"frozen":false,"packagingLabels":[],"packagingLabelCodes":[],"hierarchyPath":[{"id":"Herkku_00001044","name":"Monivitamiinit","slug":"luontaistuotteet-ja-lisaravinteet-1/vitamiinit/monivitamiinit","__typename":"HierarchyPathItem"},{"id":"Herkku_00000177","name":"Vitamiinit","slug":"luontaistuotteet-ja-lisaravinteet-1/vitamiinit","__typename":"HierarchyPathItem"},{"id":"Herkku_00000016","name":"Luontaistuotteet ja lisäravinteet","slug":"luontaistuotteet-ja-lisaravinteet-1","__typename":"HierarchyPathItem"}],"isGlobalFallback":null,"countryName":{"fi":"Saksa","__typename":"CountryName"}},{"id":"7290104570551","ean":"7290104570551","name":"Taateli Medjoul 500g","price":7.99,"storeId":725782447,"__typename":"Product","approxPrice":false,"basicQuantityUnit":"KPL","comparisonPrice":15.98,"comparisonUnit":"KGM","consumerPackageSize":null,"consumerPackageUnit":null,"priceUnit":"KPL","quantityMultiplier":1,"brandName":null,"slug":"taateli-medjoul-500g","isAgeLimitedByAlcohol":false,"frozen":false,"packagingLabels":[],"packagingLabelCodes":[],"hierarchyPath":[{"id":"Herkku_00000190","name":"Muut hedelmät","slug":"hedelmat-ja-vihannekset-1/hedelmat/muut-hedelmat","__typename":"HierarchyPathItem"},{"id":"Herkku_00000021","name":"Hedelmät","slug":"hedelmat-ja-vihannekset-1/hedelmat","__typename":"HierarchyPathItem"},{"id":"Herkku_00000001","name":"Hedelmät ja vihannekset","slug":"hedelmat-ja-vihannekset-1","__typename":"HierarchyPathItem"}],"isGlobalFallback":null,"countryName":{"fi":"Israel","__typename":"CountryName"}},{"id":"7300330038364","ean":"7300330038364","name":"Mjau Nautaa hyytelössä 380g kissanruoka","price":1.59,"storeId":725782447,"__typename":"Product","approxPrice":false,"basicQuantityUnit":"KPL","comparisonPrice":4.18,"comparisonUnit":"KGM","consumerPackageSize":null,"consumerPackageUnit":null,"priceUnit":"KPL","quantityMultiplier":1,"brandName":"Mjau","slug":"mjau-nautaa-hyytelossa-380g-kissanruoka","isAgeLimitedByAlcohol":false,"frozen":false,"packagingLabels":[],"packagingLabelCodes":[],"hierarchyPath":[{"id":"Herkku_00000533","name":"Kissan kostea ruoka","slug":"lemmikit-1/kissanruoat/kissan-kostea-ruoka","__typename":"HierarchyPathItem"},{"id":"Herkku_00000101","name":"Kissanruoat","slug":"lemmikit-1/kissanruoat","__typename":"HierarchyPathItem"},{"id":"Herkku_00000012","name":"Lemmikit","slug":"lemmikit-1","__typename":"HierarchyPathItem"}],"isGlobalFallback":null,"countryName":{"fi":"Ruotsi","__typename":"CountryName"}},{"id":"7310001027009","ean":"7310001027009","name":"Sun Regular Huuhtelukirkaste Ympäristömerkki Kirkkaat astiat 500 ml","price":4.79,"storeId":725782447,"__typename":"Product","approxPrice":false,"basicQuantityUnit":"KPL","comparisonPrice":9.58,"comparisonUnit":"LTR","consumerPackageSize":null,"consumerPackageUnit":null,"priceUnit":"KPL","quantityMultiplier":1,"brandName":"Sun","slug":"sun-regular-huuhtelukirkaste-ymparistomerkki-kirkkaat-astiat-500-ml","isAgeLimitedByAlcohol":false,"frozen":false,"packagingLabels":[],"packagingLabelCodes":[],"hierarchyPath":[{"id":"1591691234596269","name":"Konetiskiaineet","slug":"kodinhoito-ja-taloustarvikkeet/astianpesu/konetiskiaineet","__typename":"HierarchyPathItem"},{"id":"1591691234596262","name":"Astianpesu","slug":"kodinhoito-ja-taloustarvikkeet/astianpesu","__typename":"HierarchyPathItem"},{"id":"1591691234596256","name":"Kodinhoito ja taloustarvikkeet","slug":"kodinhoito-ja-taloustarvikkeet","__typename":"HierarchyPathItem"}],"isGlobalFallback":null,"countryName":{"fi":"Ranska","__typename":"CountryName"}},{"id":"7310050001265","ean":"7310050001265","name":"Löfbergs Crescendo Suodatinkahvi 500g Rainforest alliance","price":6.35,"storeId":725782447,"__typename":"Product","approxPrice":false,"basicQuantityUnit":"KPL","comparisonPrice":12.7,"comparisonUnit":"KGM","consumerPackageSize":null,"consumerPackageUnit":null,"priceUnit":"KPL","quantityMultiplier":1,"brandName":"Löfbergs","slug":"lofbergs-crescendo-suodatinkahvi-500g-rainforest-alliance","isAgeLimitedByAlcohol":false,"frozen":false,"packagingLabels":["Rainforest alliance certified (Sammakko-merkki)"],"packagingLabelCodes":["RAINFOREST_ALLIANCE"],"hierarchyPath":[{"id":"1591691224561855","name":"Kahvit","slug":"juomat-1/kahvit-ja-suodatinpaperit/kahvit","__typename":"HierarchyPathItem"},{"id":"Herkku_00000089","name":"Kahvit ja suodatinpaperit","slug":"juomat-1/kahvit-ja-suodatinpaperit","__typename":"HierarchyPathItem"},{"id":"Herkku_00000005","name":"Juomat","slug":"juomat-1","__typename":"HierarchyPathItem"}],"isGlobalFallback":null,"countryName":{"fi":"Ruotsi","__typename":"CountryName"}},{"id":"7310050001302","ean":"7310050001302","name":"Löfbergs Jubileum Suodatinkahvi 500g Rainforest alliance","price":6.35,"storeId":725782447,"__typename":"Product","approxPrice":false,"basicQuantityUnit":"KPL","comparisonPrice":12.7,"comparisonUnit":"KGM","consumerPackageSize":null,"consumerPackageUnit":null,"priceUnit":"KPL","quantityMultiplier":1,"brandName":"Löfbergs","slug":"lofbergs-jubileum-suodatinkahvi-500g-rainforest-alliance","isAgeLimitedByAlcohol":false,"frozen":false,"packagingLabels":["Rainforest alliance certified (Sammakko-merkki)"],"packagingLabelCodes":["RAINFOREST_ALLIANCE"],"hierarchyPath":[{"id":"1591691224561855","name":"Kahvit","slug":"juomat-1/kahvit-ja-suodatinpaperit/kahvit","__typename":"HierarchyPathItem"},{"id":"Herkku_00000089","name":"Kahvit ja suodatinpaperit","slug":"juomat-1/kahvit-ja-suodatinpaperit","__typename":"HierarchyPathItem"},{"id":"Herkku_00000005","name":"Juomat","slug":"juomat-1","__typename":"HierarchyPathItem"}],"isGlobalFallback":null,"countryName":{"fi":"Ruotsi","__typename":"CountryName"}},{"id":"7310050001692","ean":"7310050001692","name":"Löfbergs Kharisma Suodatinkahvi 500g Rainforest alliance","price":6.35,"storeId":725782447,"__typename":"Product","approxPrice":false,"basicQuantityUnit":"KPL","comparisonPrice":12.7,"comparisonUnit":"KGM","consumerPackageSize":null,"consumerPackageUnit":null,"priceUnit":"KPL","quantityMultiplier":1,"brandName":"Löfbergs","slug":"lofbergs-kharisma-suodatinkahvi-500g-rainforest-alliance","isAgeLimitedByAlcohol":false,"frozen":false,"packagingLabels":["Rainforest alliance certified (Sammakko-merkki)"],"packagingLabelCodes":["RAINFOREST_ALLIANCE"],"hierarchyPath":[{"id":"1591691224561855","name":"Kahvit","slug":"juomat-1/kahvit-ja-suodatinpaperit/kahvit","__typename":"HierarchyPathItem"},{"id":"Herkku_00000089","name":"Kahvit ja suodatinpaperit","slug":"juomat-1/kahvit-ja-suodatinpaperit","__typename":"HierarchyPathItem"},{"id":"Herkku_00000005","name":"Juomat","slug":"juomat-1","__typename":"HierarchyPathItem"}],"isGlobalFallback":null,"countryName":{"fi":"Ruotsi","__typename":"CountryName"}},{"id":"7310050001753","ean":"7310050001753","name":"Löfbergs Magnifika Suodatinkahvi 500g Rainforest alliance","price":6.35,"storeId":725782447,"__typename":"Product","approxPrice":false,"basicQuantityUnit":"KPL","comparisonPrice":12.7,"comparisonUnit":"KGM","consumerPackageSize":null,"consumerPackageUnit":null,"priceUnit":"KPL","quantityMultiplier":1,"brandName":"Löfbergs","slug":"lofbergs-magnifika-suodatinkahvi-500g-rainforest-alliance","isAgeLimitedByAlcohol":false,"frozen":false,"packagingLabels":["Rainforest alliance certified (Sammakko-merkki)"],"packagingLabelCodes":["RAINFOREST_ALLIANCE"],"hierarchyPath":[{"id":"1591691224561855","name":"Kahvit","slug":"juomat-1/kahvit-ja-suodatinpaperit/kahvit","__typename":"HierarchyPathItem"},{"id":"Herkku_00000089","name":"Kahvit ja suodatinpaperit","slug":"juomat-1/kahvit-ja-suodatinpaperit","__typename":"HierarchyPathItem"},{"id":"Herkku_00000005","name":"Juomat","slug":"juomat-1","__typename":"HierarchyPathItem"}],"isGlobalFallback":null,"countryName":{"fi":"Ruotsi","__typename":"CountryName"}},{"id":"7310050003443","ean":"7310050003443","name":"Löfbergs Fair Fresh Instant pikakahvi 100 g Reilukauppa Luomu","price":7.3,"storeId":725782447,"__typename":"Product","approxPrice":false,"basicQuantityUnit":"KPL","comparisonPrice":73,"comparisonUnit":"KGM","consumerPackageSize":null,"consumerPackageUnit":null,"priceUnit":"KPL","quantityMultiplier":1,"brandName":"Löfbergs","slug":"lofbergs-fair-fresh-instant-pikakahvi-100-g-reilukauppa-luomu","isAgeLimitedByAlcohol":false,"frozen":false,"packagingLabels":["EU:n luomutunnus (lehti)"," Reilu Kauppa"],"packagingLabelCodes":["EU_ORGANIC_FARMING"," FAIR_TRADE_MARK"],"hierarchyPath":[{"id":"1591691250893282","name":"Pikakahvit","slug":"juomat-1/kahvit-ja-suodatinpaperit/pikakahvit","__typename":"HierarchyPathItem"},{"id":"Herkku_00000089","name":"Kahvit ja suodatinpaperit","slug":"juomat-1/kahvit-ja-suodatinpaperit","__typename":"HierarchyPathItem"},{"id":"Herkku_00000005","name":"Juomat","slug":"juomat-1","__typename":"HierarchyPathItem"}],"isGlobalFallback":null,"countryName":{"fi":"Puola","__typename":"CountryName"}},{"id":"7310050010847","ean":"7310050010847","name":"Löfbergs Inferno Erittäin tumma Suodatinkahvi 450g Rainforest Alliance","price":6.55,"storeId":725782447,"__typename":"Product","approxPrice":false,"basicQuantityUnit":"KPL","comparisonPrice":14.56,"comparisonUnit":"KGM","consumerPackageSize":null,"consumerPackageUnit":null,"priceUnit":"KPL","quantityMultiplier":1,"brandName":"Löfbergs","slug":"lofbergs-inferno-erittain-tumma-suodatinkahvi-450g-rainforest-alliance","isAgeLimitedByAlcohol":false,"frozen":false,"packagingLabels":["Rainforest alliance certified (Sammakko-merkki)"],"packagingLabelCodes":["RAINFOREST_ALLIANCE"],"hierarchyPath":[{"id":"1591691224561855","name":"Kahvit","slug":"juomat-1/kahvit-ja-suodatinpaperit/kahvit","__typename":"HierarchyPathItem"},{"id":"Herkku_00000089","name":"Kahvit ja suodatinpaperit","slug":"juomat-1/kahvit-ja-suodatinpaperit","__typename":"HierarchyPathItem"},{"id":"Herkku_00000005","name":"Juomat","slug":"juomat-1","__typename":"HierarchyPathItem"}],"isGlobalFallback":null,"countryName":{"fi":"Ruotsi","__typename":"CountryName"}},{"id":"7310050012193","ean":"7310050012193","name":"Löfbergs Kharisma Papukahvi 400 g Rainforest Alliance","price":6.65,"storeId":725782447,"__typename":"Product","approxPrice":false,"basicQuantityUnit":"KPL","comparisonPrice":16.63,"comparisonUnit":"KGM","consumerPackageSize":null,"consumerPackageUnit":null,"priceUnit":"KPL","quantityMultiplier":1,"brandName":"Löfbergs","slug":"lofbergs-kharisma-papukahvi-400-g-rainforest-alliance","isAgeLimitedByAlcohol":false,"frozen":false,"packagingLabels":["Rainforest alliance certified (Sammakko-merkki)"],"packagingLabelCodes":["RAINFOREST_ALLIANCE"],"hierarchyPath":[{"id":"Herkku_00000508","name":"Kahvipavut","slug":"juomat-1/kahvit-ja-suodatinpaperit/kahvipavut","__typename":"HierarchyPathItem"},{"id":"Herkku_00000089","name":"Kahvit ja suodatinpaperit","slug":"juomat-1/kahvit-ja-suodatinpaperit","__typename":"HierarchyPathItem"},{"id":"Herkku_00000005","name":"Juomat","slug":"juomat-1","__typename":"HierarchyPathItem"}],"isGlobalFallback":null,"countryName":{"fi":"Ruotsi","__typename":"CountryName"}},{"id":"7310090771623","ean":"7310090771623","name":"Risifrutti mansikka riisivälipala 175g","price":1.29,"storeId":725782447,"__typename":"Product","approxPrice":false,"basicQuantityUnit":"KPL","comparisonPrice":7.37,"comparisonUnit":"KGM","consumerPackageSize":null,"consumerPackageUnit":null,"priceUnit":"KPL","quantityMultiplier":1,"brandName":"Risifrutti","slug":"risifrutti-mansikka-riisivalipala-175g","isAgeLimitedByAlcohol":false,"frozen":false,"packagingLabels":[],"packagingLabelCodes":[],"hierarchyPath":[{"id":"Herkku_00000649","name":"Muut välipalat ja jälkiruoat","slug":"maito-munat-ja-rasvat-0/rahkat-vanukkaat-ja-jalkiruoka/muut-valipalat-ja-jalkiruoat","__typename":"HierarchyPathItem"},{"id":"Herkku_00000115","name":"Rahkat, vanukkaat ja jälkiruoka","slug":"maito-munat-ja-rasvat-0/rahkat-vanukkaat-ja-jalkiruoka","__typename":"HierarchyPathItem"},{"id":"Herkku_00000006","name":"Maito, munat ja rasvat","slug":"maito-munat-ja-rasvat-0","__typename":"HierarchyPathItem"}],"isGlobalFallback":null,"countryName":{"fi":"Ruotsi","__typename":"CountryName"}},{"id":"7310090771920","ean":"7310090771920","name":"Risifrutti XL mansikka riisivälipala 225g","price":1.49,"storeId":725782447,"__typename":"Product","approxPrice":false,"basicQuantityUnit":"KPL","comparisonPrice":6.62,"comparisonUnit":"KGM","consumerPackageSize":null,"consumerPackageUnit":null,"priceUnit":"KPL","quantityMultiplier":1,"brandName":"Risifrutti","slug":"risifrutti-xl-mansikka-riisivalipala-225g","isAgeLimitedByAlcohol":false,"frozen":false,"packagingLabels":[],"packagingLabelCodes":[],"hierarchyPath":[{"id":"Herkku_00000649","name":"Muut välipalat ja jälkiruoat","slug":"maito-munat-ja-rasvat-0/rahkat-vanukkaat-ja-jalkiruoka/muut-valipalat-ja-jalkiruoat","__typename":"HierarchyPathItem"},{"id":"Herkku_00000115","name":"Rahkat, vanukkaat ja jälkiruoka","slug":"maito-munat-ja-rasvat-0/rahkat-vanukkaat-ja-jalkiruoka","__typename":"HierarchyPathItem"},{"id":"Herkku_00000006","name":"Maito, munat ja rasvat","slug":"maito-munat-ja-rasvat-0","__typename":"HierarchyPathItem"}],"isGlobalFallback":null,"countryName":{"fi":"Ruotsi","__typename":"CountryName"}},{"id":"7310090772620","ean":"7310090772620","name":"Risifrutti vadelma riisivälipala 175g","price":1.29,"storeId":725782447,"__typename":"Product","approxPrice":false,"basicQuantityUnit":"KPL","comparisonPrice":7.37,"comparisonUnit":"KGM","consumerPackageSize":null,"consumerPackageUnit":null,"priceUnit":"KPL","quantityMultiplier":1,"brandName":"Risifrutti","slug":"risifrutti-vadelma-riisivalipala-175g","isAgeLimitedByAlcohol":false,"frozen":false,"packagingLabels":[],"packagingLabelCodes":[],"hierarchyPath":[{"id":"Herkku_00000649","name":"Muut välipalat ja jälkiruoat","slug":"maito-munat-ja-rasvat-0/rahkat-vanukkaat-ja-jalkiruoka/muut-valipalat-ja-jalkiruoat","__typename":"HierarchyPathItem"},{"id":"Herkku_00000115","name":"Rahkat, vanukkaat ja jälkiruoka","slug":"maito-munat-ja-rasvat-0/rahkat-vanukkaat-ja-jalkiruoka","__typename":"HierarchyPathItem"},{"id":"Herkku_00000006","name":"Maito, munat ja rasvat","slug":"maito-munat-ja-rasvat-0","__typename":"HierarchyPathItem"}],"isGlobalFallback":null,"countryName":{"fi":"Ruotsi","__typename":"CountryName"}},{"id":"7310100565235","ean":"7310100565235","name":"Semper Gluteeniton Piparkakku 150g","price":2.89,"storeId":725782447,"__typename":"Product","approxPrice":false,"basicQuantityUnit":"KPL","comparisonPrice":19.27,"comparisonUnit":"KGM","consumerPackageSize":null,"consumerPackageUnit":null,"priceUnit":"KPL","quantityMultiplier":1,"brandName":"Semper","slug":"semper-gluteeniton-piparkakku-150g","isAgeLimitedByAlcohol":false,"frozen":false,"packagingLabels":["Gluteeniton elintarvike (yliviivattu tähkä)"],"packagingLabelCodes":["CROSSED_GRAIN_SYMBOL"],"hierarchyPath":[{"id":"Herkku_00000371","name":"Piparkakut","slug":"leivat-keksit-ja-leivonnaiset-1/keksit/piparkakut","__typename":"HierarchyPathItem"},{"id":"Herkku_00000065","name":"Keksit","slug":"leivat-keksit-ja-leivonnaiset-1/keksit","__typename":"HierarchyPathItem"},{"id":"Herkku_00000008","name":"Leivät, keksit ja leivonnaiset","slug":"leivat-keksit-ja-leivonnaiset-1","__typename":"HierarchyPathItem"}],"isGlobalFallback":null,"countryName":{"fi":"Iso-Britannia","__typename":"CountryName"}},{"id":"7310100600462","ean":"7310100600462","name":"Semper Gluteeniton Kauranäkkileipä 215g","price":3.29,"storeId":725782447,"__typename":"Product","approxPrice":false,"basicQuantityUnit":"KPL","comparisonPrice":15.3,"comparisonUnit":"KGM","consumerPackageSize":null,"consumerPackageUnit":null,"priceUnit":"KPL","quantityMultiplier":1,"brandName":"Semper","slug":"semper-gluteeniton-kauranakkileipa-215g","isAgeLimitedByAlcohol":false,"frozen":false,"packagingLabels":["Fodmap friendly"," Gluteeniton elintarvike (yliviivattu tähkä)"," Nyckelhalet"],"packagingLabelCodes":["CROSSED_GRAIN_SYMBOL"," FODMAP_FRIENDLY"," NYCKELHALET"],"hierarchyPath":[{"id":"Herkku_00000309","name":"Muut leivät","slug":"leivat-keksit-ja-leivonnaiset-1/gluteenittomat/muut-leivat","__typename":"HierarchyPathItem"},{"id":"Herkku_00000155","name":"Gluteenittomat","slug":"leivat-keksit-ja-leivonnaiset-1/gluteenittomat","__typename":"HierarchyPathItem"},{"id":"Herkku_00000008","name":"Leivät, keksit ja leivonnaiset","slug":"leivat-keksit-ja-leivonnaiset-1","__typename":"HierarchyPathItem"}],"isGlobalFallback":null,"countryName":{"fi":"Ruotsi","__typename":"CountryName"}},{"id":"7310100690395","ean":"7310100690395","name":"Semper Puuro päärynä, mango, banaani & omena alkaen 6 kk käyttövalmis lastenpuuro 120g","price":1.15,"storeId":725782447,"__typename":"Product","approxPrice":false,"basicQuantityUnit":"KPL","comparisonPrice":9.58,"comparisonUnit":"KGM","consumerPackageSize":null,"consumerPackageUnit":null,"priceUnit":"KPL","quantityMultiplier":1,"brandName":"Semper","slug":"semper-puuro-paaryna-mango-banaani-and-omena-alkaen-6-kk-kayttovalmis-lastenpuuro-120g","isAgeLimitedByAlcohol":false,"frozen":false,"packagingLabels":[],"packagingLabelCodes":[],"hierarchyPath":[{"id":"Herkku_00000386","name":"Valmiit puurot","slug":"lapset-1/puurot-ja-vellit/valmiit-puurot","__typename":"HierarchyPathItem"},{"id":"Herkku_00000068","name":"Puurot ja vellit","slug":"lapset-1/puurot-ja-vellit","__typename":"HierarchyPathItem"},{"id":"Herkku_00000010","name":"Lapset","slug":"lapset-1","__typename":"HierarchyPathItem"}],"isGlobalFallback":null,"countryName":{"fi":"Espanja","__typename":"CountryName"}},{"id":"7310100703187","ean":"7310100703187","name":"Semper Fruktmums Päärynä, päärynää, banaania ja mangoa hedelmäsose alk. 6 kk, 110g","price":1.19,"storeId":725782447,"__typename":"Product","approxPrice":false,"basicQuantityUnit":"KPL","comparisonPrice":10.82,"comparisonUnit":"KGM","consumerPackageSize":null,"consumerPackageUnit":null,"priceUnit":"KPL","quantityMultiplier":1,"brandName":"Semper","slug":"semper-fruktmums-paaryna-paarynaa-banaania-ja-mangoa-hedelmasose-alk-6-kk-110g","isAgeLimitedByAlcohol":false,"frozen":false,"packagingLabels":[],"packagingLabelCodes":[],"hierarchyPath":[{"id":"1591691240683151","name":"Soseet 5-6 kk ikäiset","slug":"lapset-1/lasten-valipalasoseet-ja-muut-valipalat/soseet-5-6-kk-ikaiset","__typename":"HierarchyPathItem"},{"id":"1591691240683140","name":"Lasten välipalasoseet ja muut välipalat","slug":"lapset-1/lasten-valipalasoseet-ja-muut-valipalat","__typename":"HierarchyPathItem"},{"id":"Herkku_00000010","name":"Lapset","slug":"lapset-1","__typename":"HierarchyPathItem"}],"isGlobalFallback":null,"countryName":{"fi":"Espanja","__typename":"CountryName"}},{"id":"7310102803564","ean":"7310102803564","name":"Friggs magnesium poretabletti 20kpl Sitruuna","price":2.15,"storeId":725782447,"__typename":"Product","approxPrice":false,"basicQuantityUnit":"KPL","comparisonPrice":0.11,"comparisonUnit":"PCE","consumerPackageSize":null,"consumerPackageUnit":null,"priceUnit":"KPL","quantityMultiplier":1,"brandName":"Friggs","slug":"friggs-magnesium-poretabletti-20kpl-sitruuna","isAgeLimitedByAlcohol":false,"frozen":false,"packagingLabels":[],"packagingLabelCodes":[],"hierarchyPath":[{"id":"Herkku_00001053","name":"Magnesiumvalmisteet","slug":"luontaistuotteet-ja-lisaravinteet-1/mineraalivalmisteet/magnesiumvalmisteet","__typename":"HierarchyPathItem"},{"id":"Herkku_00000178","name":"Mineraalivalmisteet","slug":"luontaistuotteet-ja-lisaravinteet-1/mineraalivalmisteet","__typename":"HierarchyPathItem"},{"id":"Herkku_00000016","name":"Luontaistuotteet ja lisäravinteet","slug":"luontaistuotteet-ja-lisaravinteet-1","__typename":"HierarchyPathItem"}],"isGlobalFallback":null,"countryName":{"fi":"Unkari","__typename":"CountryName"}},{"id":"7310130009433","ean":"7310130009433","name":"GoGreen Kurpitsansiemen 300 g","price":4.15,"storeId":725782447,"__typename":"Product","approxPrice":false,"basicQuantityUnit":"KPL","comparisonPrice":13.83,"comparisonUnit":"KGM","consumerPackageSize":null,"consumerPackageUnit":null,"priceUnit":"KPL","quantityMultiplier":1,"brandName":"GoGreen","slug":"gogreen-kurpitsansiemen-300-g","isAgeLimitedByAlcohol":false,"frozen":false,"packagingLabels":[],"packagingLabelCodes":[],"hierarchyPath":[{"id":"Herkku_00000307","name":"Siemenet","slug":"kuivatuotteet-ja-leivonta-1/siemenet-pahkinat-ja-kuivatut-hedelmat/siemenet","__typename":"HierarchyPathItem"},{"id":"Herkku_00000050","name":"Siemenet, pähkinät ja kuivatut hedelmät","slug":"kuivatuotteet-ja-leivonta-1/siemenet-pahkinat-ja-kuivatut-hedelmat","__typename":"HierarchyPathItem"},{"id":"Herkku_00000007","name":"Kuivatuotteet ja leivonta","slug":"kuivatuotteet-ja-leivonta-1","__typename":"HierarchyPathItem"}],"isGlobalFallback":null,"countryName":{"fi":"Kiina","__typename":"CountryName"}},{"id":"7310130009716","ean":"7310130009716","name":"GoGreen Punaiset Linssit 380g","price":1.65,"storeId":725782447,"__typename":"Product","approxPrice":false,"basicQuantityUnit":"KPL","comparisonPrice":7.17,"comparisonUnit":"KGM","consumerPackageSize":null,"consumerPackageUnit":null,"priceUnit":"KPL","quantityMultiplier":1,"brandName":"GoGreen","slug":"gogreen-punaiset-linssit-380g","isAgeLimitedByAlcohol":false,"frozen":false,"packagingLabels":["Nyckelhalet"],"packagingLabelCodes":["NYCKELHALET"],"hierarchyPath":[{"id":"Herkku_00000357","name":"Kasvissäilykkeet","slug":"kuivatuotteet-ja-leivonta-1/sailykkeet/kasvissailykkeet","__typename":"HierarchyPathItem"},{"id":"Herkku_00000063","name":"Säilykkeet","slug":"kuivatuotteet-ja-leivonta-1/sailykkeet","__typename":"HierarchyPathItem"},{"id":"Herkku_00000007","name":"Kuivatuotteet ja leivonta","slug":"kuivatuotteet-ja-leivonta-1","__typename":"HierarchyPathItem"}],"isGlobalFallback":null,"countryName":{"fi":"Italia","__typename":"CountryName"}},{"id":"7310130009822","ean":"7310130009822","name":"GoGreen Luomu Kikherneet 380g","price":1.55,"storeId":725782447,"__typename":"Product","approxPrice":false,"basicQuantityUnit":"KPL","comparisonPrice":6.74,"comparisonUnit":"KGM","consumerPackageSize":null,"consumerPackageUnit":null,"priceUnit":"KPL","quantityMultiplier":1,"brandName":"GoGreen","slug":"gogreen-luomu-kikherneet-380g","isAgeLimitedByAlcohol":false,"frozen":false,"packagingLabels":["EU:n luomutunnus (lehti)"," Nyckelhalet"],"packagingLabelCodes":["EU_ORGANIC_FARMING"," NYCKELHALET"],"hierarchyPath":[{"id":"Herkku_00000357","name":"Kasvissäilykkeet","slug":"kuivatuotteet-ja-leivonta-1/sailykkeet/kasvissailykkeet","__typename":"HierarchyPathItem"},{"id":"Herkku_00000063","name":"Säilykkeet","slug":"kuivatuotteet-ja-leivonta-1/sailykkeet","__typename":"HierarchyPathItem"},{"id":"Herkku_00000007","name":"Kuivatuotteet ja leivonta","slug":"kuivatuotteet-ja-leivonta-1","__typename":"HierarchyPathItem"}],"isGlobalFallback":null,"countryName":{"fi":"Italia","__typename":"CountryName"}},{"id":"7310130009839","ean":"7310130009839","name":"GoGreen Mustapavut 380g","price":1.65,"storeId":725782447,"__typename":"Product","approxPrice":false,"basicQuantityUnit":"KPL","comparisonPrice":7.17,"comparisonUnit":"KGM","consumerPackageSize":null,"consumerPackageUnit":null,"priceUnit":"KPL","quantityMultiplier":1,"brandName":"GoGreen","slug":"gogreen-mustapavut-380g","isAgeLimitedByAlcohol":false,"frozen":false,"packagingLabels":["Nyckelhalet"],"packagingLabelCodes":["NYCKELHALET"],"hierarchyPath":[{"id":"Herkku_00000357","name":"Kasvissäilykkeet","slug":"kuivatuotteet-ja-leivonta-1/sailykkeet/kasvissailykkeet","__typename":"HierarchyPathItem"},{"id":"Herkku_00000063","name":"Säilykkeet","slug":"kuivatuotteet-ja-leivonta-1/sailykkeet","__typename":"HierarchyPathItem"},{"id":"Herkku_00000007","name":"Kuivatuotteet ja leivonta","slug":"kuivatuotteet-ja-leivonta-1","__typename":"HierarchyPathItem"}],"isGlobalFallback":null,"countryName":{"fi":"Italia","__typename":"CountryName"}},{"id":"7310130010538","ean":"7310130010538","name":"GoGreen Salaattisekoitus 220g","price":3.69,"storeId":725782447,"__typename":"Product","approxPrice":false,"basicQuantityUnit":"KPL","comparisonPrice":16.77,"comparisonUnit":"KGM","consumerPackageSize":null,"consumerPackageUnit":null,"priceUnit":"KPL","quantityMultiplier":1,"brandName":"GoGreen","slug":"gogreen-salaattisekoitus-220g","isAgeLimitedByAlcohol":false,"frozen":false,"packagingLabels":[],"packagingLabelCodes":[],"hierarchyPath":[{"id":"Herkku_00000307","name":"Siemenet","slug":"kuivatuotteet-ja-leivonta-1/siemenet-pahkinat-ja-kuivatut-hedelmat/siemenet","__typename":"HierarchyPathItem"},{"id":"Herkku_00000050","name":"Siemenet, pähkinät ja kuivatut hedelmät","slug":"kuivatuotteet-ja-leivonta-1/siemenet-pahkinat-ja-kuivatut-hedelmat","__typename":"HierarchyPathItem"},{"id":"Herkku_00000007","name":"Kuivatuotteet ja leivonta","slug":"kuivatuotteet-ja-leivonta-1","__typename":"HierarchyPathItem"}],"isGlobalFallback":null,"countryName":null},{"id":"7310130012068","ean":"7310130012068","name":"GoGreen Kuoreton Seesaminsiemen 320 g","price":3.49,"storeId":725782447,"__typename":"Product","approxPrice":false,"basicQuantityUnit":"KPL","comparisonPrice":10.91,"comparisonUnit":"KGM","consumerPackageSize":null,"consumerPackageUnit":null,"priceUnit":"KPL","quantityMultiplier":1,"brandName":"GoGreen","slug":"gogreen-kuoreton-seesaminsiemen-320-g","isAgeLimitedByAlcohol":false,"frozen":false,"packagingLabels":[],"packagingLabelCodes":[],"hierarchyPath":[{"id":"Herkku_00000307","name":"Siemenet","slug":"kuivatuotteet-ja-leivonta-1/siemenet-pahkinat-ja-kuivatut-hedelmat/siemenet","__typename":"HierarchyPathItem"},{"id":"Herkku_00000050","name":"Siemenet, pähkinät ja kuivatut hedelmät","slug":"kuivatuotteet-ja-leivonta-1/siemenet-pahkinat-ja-kuivatut-hedelmat","__typename":"HierarchyPathItem"},{"id":"Herkku_00000007","name":"Kuivatuotteet ja leivonta","slug":"kuivatuotteet-ja-leivonta-1","__typename":"HierarchyPathItem"}],"isGlobalFallback":null,"countryName":{"fi":"Ruotsi","__typename":"CountryName"}},{"id":"7310130801709","ean":"7310130801709","name":"Start Naturell granola 750g","price":4.99,"storeId":725782447,"__typename":"Product","approxPrice":false,"basicQuantityUnit":"KPL","comparisonPrice":6.65,"comparisonUnit":"KGM","consumerPackageSize":null,"consumerPackageUnit":null,"priceUnit":"KPL","quantityMultiplier":1,"brandName":"Start","slug":"start-naturell-granola-750g","isAgeLimitedByAlcohol":false,"frozen":false,"packagingLabels":[],"packagingLabelCodes":[],"hierarchyPath":[{"id":"Herkku_00000317","name":"Myslit","slug":"kuivatuotteet-ja-leivonta-1/hiutaleet-murot-ja-myslit/myslit","__typename":"HierarchyPathItem"},{"id":"Herkku_00000053","name":"Hiutaleet, murot ja myslit","slug":"kuivatuotteet-ja-leivonta-1/hiutaleet-murot-ja-myslit","__typename":"HierarchyPathItem"},{"id":"Herkku_00000007","name":"Kuivatuotteet ja leivonta","slug":"kuivatuotteet-ja-leivonta-1","__typename":"HierarchyPathItem"}],"isGlobalFallback":null,"countryName":{"fi":"Ruotsi","__typename":"CountryName"}},{"id":"7310181588680","ean":"7310181588680","name":"Tolu 500ml Kylpyhuone puhdistusaine spray","price":3.99,"storeId":725782447,"__typename":"Product","approxPrice":false,"basicQuantityUnit":"KPL","comparisonPrice":7.98,"comparisonUnit":"LTR","consumerPackageSize":null,"consumerPackageUnit":null,"priceUnit":"KPL","quantityMultiplier":1,"brandName":"Tolu","slug":"tolu-500ml-kylpyhuone-puhdistusaine-spray","isAgeLimitedByAlcohol":false,"frozen":false,"packagingLabels":["AISE"],"packagingLabelCodes":["AISE"],"hierarchyPath":[{"id":"1591691234596341","name":"Kylpyhuoneen ja wc:n puhdistusaineet","slug":"kodinhoito-ja-taloustarvikkeet/siivous-ja-puhdistusaineet/kylpyhuoneen-ja-wc:n-puhdistusaineet","__typename":"HierarchyPathItem"},{"id":"1591691234596327","name":"Siivous ja puhdistusaineet","slug":"kodinhoito-ja-taloustarvikkeet/siivous-ja-puhdistusaineet","__typename":"HierarchyPathItem"},{"id":"1591691234596256","name":"Kodinhoito ja taloustarvikkeet","slug":"kodinhoito-ja-taloustarvikkeet","__typename":"HierarchyPathItem"}],"isGlobalFallback":null,"countryName":{"fi":"Saksa","__typename":"CountryName"}},{"id":"7310182803546","ean":"7310182803546","name":"Friggs ABCDE-vitamiini poretabletti 20kpl","price":2.25,"storeId":725782447,"__typename":"Product","approxPrice":false,"basicQuantityUnit":"KPL","comparisonPrice":0.11,"comparisonUnit":"PCE","consumerPackageSize":null,"consumerPackageUnit":null,"priceUnit":"KPL","quantityMultiplier":1,"brandName":"Friggs","slug":"friggs-abcde-vitamiini-poretabletti-20kpl","isAgeLimitedByAlcohol":false,"frozen":false,"packagingLabels":[],"packagingLabelCodes":[],"hierarchyPath":[{"id":"Herkku_00001044","name":"Monivitamiinit","slug":"luontaistuotteet-ja-lisaravinteet-1/vitamiinit/monivitamiinit","__typename":"HierarchyPathItem"},{"id":"Herkku_00000177","name":"Vitamiinit","slug":"luontaistuotteet-ja-lisaravinteet-1/vitamiinit","__typename":"HierarchyPathItem"},{"id":"Herkku_00000016","name":"Luontaistuotteet ja lisäravinteet","slug":"luontaistuotteet-ja-lisaravinteet-1","__typename":"HierarchyPathItem"}],"isGlobalFallback":null,"countryName":{"fi":"Unkari","__typename":"CountryName"}},{"id":"7310186055606","ean":"7310186055606","name":"Friggs Vähäsuolainen Gluteeniton Luomuriisikakku 130g","price":2.29,"storeId":725782447,"__typename":"Product","approxPrice":false,"basicQuantityUnit":"KPL","comparisonPrice":17.62,"comparisonUnit":"KGM","consumerPackageSize":null,"consumerPackageUnit":null,"priceUnit":"KPL","quantityMultiplier":1,"brandName":"Friggs","slug":"friggs-vahasuolainen-gluteeniton-luomuriisikakku-130g","isAgeLimitedByAlcohol":false,"frozen":false,"packagingLabels":["EU:n luomutunnus (lehti)"],"packagingLabelCodes":["EU_ORGANIC_FARMING"],"hierarchyPath":[{"id":"Herkku_00000315","name":"Riisikakut","slug":"leivat-keksit-ja-leivonnaiset-1/nakkileivat-ja-hapankorput/riisikakut","__typename":"HierarchyPathItem"},{"id":"Herkku_00000052","name":"Näkkileivät ja hapankorput","slug":"leivat-keksit-ja-leivonnaiset-1/nakkileivat-ja-hapankorput","__typename":"HierarchyPathItem"},{"id":"Herkku_00000008","name":"Leivät, keksit ja leivonnaiset","slug":"leivat-keksit-ja-leivonnaiset-1","__typename":"HierarchyPathItem"}],"isGlobalFallback":null,"countryName":{"fi":"Belgia","__typename":"CountryName"}},{"id":"7310186055804","ean":"7310186055804","name":"Friggs Juuston makuinen Riisikakku 125g","price":2.99,"storeId":725782447,"__typename":"Product","approxPrice":false,"basicQuantityUnit":"KPL","comparisonPrice":23.92,"comparisonUnit":"KGM","consumerPackageSize":null,"consumerPackageUnit":null,"priceUnit":"KPL","quantityMultiplier":1,"brandName":"Friggs","slug":"friggs-juuston-makuinen-riisikakku-125g","isAgeLimitedByAlcohol":false,"frozen":false,"packagingLabels":[],"packagingLabelCodes":[],"hierarchyPath":[{"id":"Herkku_00000315","name":"Riisikakut","slug":"leivat-keksit-ja-leivonnaiset-1/nakkileivat-ja-hapankorput/riisikakut","__typename":"HierarchyPathItem"},{"id":"Herkku_00000052","name":"Näkkileivät ja hapankorput","slug":"leivat-keksit-ja-leivonnaiset-1/nakkileivat-ja-hapankorput","__typename":"HierarchyPathItem"},{"id":"Herkku_00000008","name":"Leivät, keksit ja leivonnaiset","slug":"leivat-keksit-ja-leivonnaiset-1","__typename":"HierarchyPathItem"}],"isGlobalFallback":null,"countryName":{"fi":"Belgia","__typename":"CountryName"}},{"id":"7310240004007","ean":"7310240004007","name":"Grandiosa vego mexicana kiviuuni pakastepizza 350g","price":3.85,"storeId":725782447,"__typename":"Product","approxPrice":false,"basicQuantityUnit":"KPL","comparisonPrice":11,"comparisonUnit":"KGM","consumerPackageSize":null,"consumerPackageUnit":null,"priceUnit":"KPL","quantityMultiplier":1,"brandName":"Grandiosa","slug":"grandiosa-vego-mexicana-kiviuuni-pakastepizza-350g","isAgeLimitedByAlcohol":false,"frozen":true,"packagingLabels":["FSC-sertifikaatti (Forest Stewardship Council)"],"packagingLabelCodes":["FOREST_STEWARDSHIP_COUNCIL_LABEL"],"hierarchyPath":[{"id":"1591691225905856","name":"Pakastepizzat","slug":"pakasteet-1/pakastepizzat/pakastepizzat","__typename":"HierarchyPathItem"},{"id":"1591691225905854","name":"Pakastepizzat","slug":"pakasteet-1/pakastepizzat","__typename":"HierarchyPathItem"},{"id":"Herkku_00000013","name":"Pakasteet","slug":"pakasteet-1","__typename":"HierarchyPathItem"}],"isGlobalFallback":null,"countryName":{"fi":"Ruotsi","__typename":"CountryName"}},{"id":"7310240071740","ean":"7310240071740","name":"Grandiosa mexicana kiviuuni pakastepizza 340g","price":3.99,"storeId":725782447,"__typename":"Product","approxPrice":false,"basicQuantityUnit":"KPL","comparisonPrice":11.74,"comparisonUnit":"KGM","consumerPackageSize":null,"consumerPackageUnit":null,"priceUnit":"KPL","quantityMultiplier":1,"brandName":"Grandiosa","slug":"grandiosa-mexicana-kiviuuni-pakastepizza-340g","isAgeLimitedByAlcohol":false,"frozen":true,"packagingLabels":["FSC-sertifikaatti (Forest Stewardship Council)"],"packagingLabelCodes":["FOREST_STEWARDSHIP_COUNCIL_LABEL"],"hierarchyPath":[{"id":"1591691225905856","name":"Pakastepizzat","slug":"pakasteet-1/pakastepizzat/pakastepizzat","__typename":"HierarchyPathItem"},{"id":"1591691225905854","name":"Pakastepizzat","slug":"pakasteet-1/pakastepizzat","__typename":"HierarchyPathItem"},{"id":"Herkku_00000013","name":"Pakasteet","slug":"pakasteet-1","__typename":"HierarchyPathItem"}],"isGlobalFallback":null,"countryName":{"fi":"Ruotsi","__typename":"CountryName"}},{"id":"7310240171792","ean":"7310240171792","name":"Grandiosa BBQ chicken kiviuuni pakastepizza 310g","price":3.99,"storeId":725782447,"__typename":"Product","approxPrice":false,"basicQuantityUnit":"KPL","comparisonPrice":12.87,"comparisonUnit":"KGM","consumerPackageSize":null,"consumerPackageUnit":null,"priceUnit":"KPL","quantityMultiplier":1,"brandName":"Grandiosa","slug":"grandiosa-bbq-chicken-kiviuuni-pakastepizza-310g","isAgeLimitedByAlcohol":false,"frozen":true,"packagingLabels":["FSC-sertifikaatti (Forest Stewardship Council)"],"packagingLabelCodes":["FOREST_STEWARDSHIP_COUNCIL_LABEL"],"hierarchyPath":[{"id":"1591691225905856","name":"Pakastepizzat","slug":"pakasteet-1/pakastepizzat/pakastepizzat","__typename":"HierarchyPathItem"},{"id":"1591691225905854","name":"Pakastepizzat","slug":"pakasteet-1/pakastepizzat","__typename":"HierarchyPathItem"},{"id":"Herkku_00000013","name":"Pakasteet","slug":"pakasteet-1","__typename":"HierarchyPathItem"}],"isGlobalFallback":null,"countryName":{"fi":"Ruotsi","__typename":"CountryName"}},{"id":"7310240171846","ean":"7310240171846","name":"Grandiosa tuplasalami kiviuuni pakastepizza 330g","price":3.99,"storeId":725782447,"__typename":"Product","approxPrice":false,"basicQuantityUnit":"KPL","comparisonPrice":12.09,"comparisonUnit":"KGM","consumerPackageSize":null,"consumerPackageUnit":null,"priceUnit":"KPL","quantityMultiplier":1,"brandName":"Grandiosa","slug":"grandiosa-tuplasalami-kiviuuni-pakastepizza-330g","isAgeLimitedByAlcohol":false,"frozen":true,"packagingLabels":["FSC-sertifikaatti (Forest Stewardship Council)"],"packagingLabelCodes":["FOREST_STEWARDSHIP_COUNCIL_LABEL"],"hierarchyPath":[{"id":"1591691225905856","name":"Pakastepizzat","slug":"pakasteet-1/pakastepizzat/pakastepizzat","__typename":"HierarchyPathItem"},{"id":"1591691225905854","name":"Pakastepizzat","slug":"pakasteet-1/pakastepizzat","__typename":"HierarchyPathItem"},{"id":"Herkku_00000013","name":"Pakasteet","slug":"pakasteet-1","__typename":"HierarchyPathItem"}],"isGlobalFallback":null,"countryName":{"fi":"Ruotsi","__typename":"CountryName"}},{"id":"7310240171853","ean":"7310240171853","name":"Grandiosa superiore for meat lovers kiviuuni pakastepizza 350g","price":3.99,"storeId":725782447,"__typename":"Product","approxPrice":false,"basicQuantityUnit":"KPL","comparisonPrice":11.4,"comparisonUnit":"KGM","consumerPackageSize":null,"consumerPackageUnit":null,"priceUnit":"KPL","quantityMultiplier":1,"brandName":"Grandiosa","slug":"grandiosa-superiore-for-meat-lovers-kiviuuni-pakastepizza-350g","isAgeLimitedByAlcohol":false,"frozen":true,"packagingLabels":["FSC-sertifikaatti (Forest Stewardship Council)"],"packagingLabelCodes":["FOREST_STEWARDSHIP_COUNCIL_LABEL"],"hierarchyPath":[{"id":"1591691225905856","name":"Pakastepizzat","slug":"pakasteet-1/pakastepizzat/pakastepizzat","__typename":"HierarchyPathItem"},{"id":"1591691225905854","name":"Pakastepizzat","slug":"pakasteet-1/pakastepizzat","__typename":"HierarchyPathItem"},{"id":"Herkku_00000013","name":"Pakasteet","slug":"pakasteet-1","__typename":"HierarchyPathItem"}],"isGlobalFallback":null,"countryName":{"fi":"Ruotsi","__typename":"CountryName"}},{"id":"7310240171921","ean":"7310240171921","name":"Grandiosa Extra kebab kiviuuni pakastepizza 400g","price":4.7,"storeId":725782447,"__typename":"Product","approxPrice":false,"basicQuantityUnit":"KPL","comparisonPrice":11.75,"comparisonUnit":"KGM","consumerPackageSize":null,"consumerPackageUnit":null,"priceUnit":"KPL","quantityMultiplier":1,"brandName":"Grandiosa","slug":"grandiosa-extra-kebab-kiviuuni-pakastepizza-400g","isAgeLimitedByAlcohol":false,"frozen":true,"packagingLabels":["FSC-sertifikaatti (Forest Stewardship Council)"],"packagingLabelCodes":["FOREST_STEWARDSHIP_COUNCIL_LABEL"],"hierarchyPath":[{"id":"1591691225905856","name":"Pakastepizzat","slug":"pakasteet-1/pakastepizzat/pakastepizzat","__typename":"HierarchyPathItem"},{"id":"1591691225905854","name":"Pakastepizzat","slug":"pakasteet-1/pakastepizzat","__typename":"HierarchyPathItem"},{"id":"Herkku_00000013","name":"Pakasteet","slug":"pakasteet-1","__typename":"HierarchyPathItem"}],"isGlobalFallback":null,"countryName":{"fi":"Ruotsi","__typename":"CountryName"}},{"id":"7310240200386","ean":"7310240200386","name":"Felix Kruunu majoneesi 175g","price":2.49,"storeId":725782447,"__typename":"Product","approxPrice":false,"basicQuantityUnit":"KPL","comparisonPrice":14.23,"comparisonUnit":"KGM","consumerPackageSize":null,"consumerPackageUnit":null,"priceUnit":"KPL","quantityMultiplier":1,"brandName":"Felix","slug":"felix-kruunu-majoneesi-175g","isAgeLimitedByAlcohol":false,"frozen":false,"packagingLabels":["Sydänmerkki"],"packagingLabelCodes":["FINNISH_HEART_SYMBOL"],"hierarchyPath":[{"id":"Herkku_00000079","name":"Majoneesit ja majoneesikastikkeet","slug":"oljyt-mausteet-maustaminen-1/majoneesit-ja-majoneesikastikkeet","__typename":"HierarchyPathItem"},{"id":"Herkku_00000011","name":"Öljyt, mausteet, maustaminen","slug":"oljyt-mausteet-maustaminen-1","__typename":"HierarchyPathItem"}],"isGlobalFallback":null,"countryName":{"fi":"Latvia","__typename":"CountryName"}},{"id":"7310240604283","ean":"7310240604283","name":"Felix luomu vähemmän suolaa ja sokeria ketchup 485g","price":3.59,"storeId":725782447,"__typename":"Product","approxPrice":false,"basicQuantityUnit":"KPL","comparisonPrice":7.4,"comparisonUnit":"KGM","consumerPackageSize":null,"consumerPackageUnit":null,"priceUnit":"KPL","quantityMultiplier":1,"brandName":"Felix","slug":"felix-luomu-vahemman-suolaa-ja-sokeria-ketchup-485g","isAgeLimitedByAlcohol":false,"frozen":false,"packagingLabels":["EU:n luomutunnus (lehti)"," Sydänmerkki"],"packagingLabelCodes":["EU_ORGANIC_FARMING"," FINNISH_HEART_SYMBOL"],"hierarchyPath":[{"id":"Herkku_00000420","name":"Ketsupit","slug":"oljyt-mausteet-maustaminen-1/ketsupit-ja-sinapit/ketsupit","__typename":"HierarchyPathItem"},{"id":"Herkku_00000077","name":"Ketsupit ja sinapit","slug":"oljyt-mausteet-maustaminen-1/ketsupit-ja-sinapit","__typename":"HierarchyPathItem"},{"id":"Herkku_00000011","name":"Öljyt, mausteet, maustaminen","slug":"oljyt-mausteet-maustaminen-1","__typename":"HierarchyPathItem"}],"isGlobalFallback":null,"countryName":{"fi":"Ruotsi","__typename":"CountryName"}},{"id":"7310240606386","ean":"7310240606386","name":"Felix ketchup 500g","price":2.69,"storeId":725782447,"__typename":"Product","approxPrice":false,"basicQuantityUnit":"KPL","comparisonPrice":5.38,"comparisonUnit":"KGM","consumerPackageSize":null,"consumerPackageUnit":null,"priceUnit":"KPL","quantityMultiplier":1,"brandName":"Felix","slug":"felix-ketchup-500g","isAgeLimitedByAlcohol":false,"frozen":false,"packagingLabels":[],"packagingLabelCodes":[],"hierarchyPath":[{"id":"Herkku_00000420","name":"Ketsupit","slug":"oljyt-mausteet-maustaminen-1/ketsupit-ja-sinapit/ketsupit","__typename":"HierarchyPathItem"},{"id":"Herkku_00000077","name":"Ketsupit ja sinapit","slug":"oljyt-mausteet-maustaminen-1/ketsupit-ja-sinapit","__typename":"HierarchyPathItem"},{"id":"Herkku_00000011","name":"Öljyt, mausteet, maustaminen","slug":"oljyt-mausteet-maustaminen-1","__typename":"HierarchyPathItem"}],"isGlobalFallback":null,"countryName":{"fi":"Ruotsi","__typename":"CountryName"}},{"id":"7310240650082","ean":"7310240650082","name":"Felix vähemmän suolaa ja sokeria ketchup 980g","price":4.69,"storeId":725782447,"__typename":"Product","approxPrice":false,"basicQuantityUnit":"KPL","comparisonPrice":4.79,"comparisonUnit":"KGM","consumerPackageSize":null,"consumerPackageUnit":null,"priceUnit":"KPL","quantityMultiplier":1,"brandName":"Felix","slug":"felix-vahemman-suolaa-ja-sokeria-ketchup-980g","isAgeLimitedByAlcohol":false,"frozen":false,"packagingLabels":["Sydänmerkki"],"packagingLabelCodes":["FINNISH_HEART_SYMBOL"],"hierarchyPath":[{"id":"Herkku_00000420","name":"Ketsupit","slug":"oljyt-mausteet-maustaminen-1/ketsupit-ja-sinapit/ketsupit","__typename":"HierarchyPathItem"},{"id":"Herkku_00000077","name":"Ketsupit ja sinapit","slug":"oljyt-mausteet-maustaminen-1/ketsupit-ja-sinapit","__typename":"HierarchyPathItem"},{"id":"Herkku_00000011","name":"Öljyt, mausteet, maustaminen","slug":"oljyt-mausteet-maustaminen-1","__typename":"HierarchyPathItem"}],"isGlobalFallback":null,"countryName":{"fi":"Ruotsi","__typename":"CountryName"}},{"id":"7310240651881","ean":"7310240651881","name":"Felix ketchup 1250g","price":4.69,"storeId":725782447,"__typename":"Product","approxPrice":false,"basicQuantityUnit":"KPL","comparisonPrice":3.75,"comparisonUnit":"KGM","consumerPackageSize":null,"consumerPackageUnit":null,"priceUnit":"KPL","quantityMultiplier":1,"brandName":"Felix","slug":"felix-ketchup-1250g","isAgeLimitedByAlcohol":false,"frozen":false,"packagingLabels":[],"packagingLabelCodes":[],"hierarchyPath":[{"id":"Herkku_00000420","name":"Ketsupit","slug":"oljyt-mausteet-maustaminen-1/ketsupit-ja-sinapit/ketsupit","__typename":"HierarchyPathItem"},{"id":"Herkku_00000077","name":"Ketsupit ja sinapit","slug":"oljyt-mausteet-maustaminen-1/ketsupit-ja-sinapit","__typename":"HierarchyPathItem"},{"id":"Herkku_00000011","name":"Öljyt, mausteet, maustaminen","slug":"oljyt-mausteet-maustaminen-1","__typename":"HierarchyPathItem"}],"isGlobalFallback":null,"countryName":{"fi":"Ruotsi","__typename":"CountryName"}},{"id":"7310240661484","ean":"7310240661484","name":"Felix perunamuusi 12 annosta 440g","price":3.05,"storeId":725782447,"__typename":"Product","approxPrice":false,"basicQuantityUnit":"KPL","comparisonPrice":6.93,"comparisonUnit":"KGM","consumerPackageSize":null,"consumerPackageUnit":null,"priceUnit":"KPL","quantityMultiplier":1,"brandName":"Felix","slug":"felix-perunamuusi-12-annosta-440g","isAgeLimitedByAlcohol":false,"frozen":false,"packagingLabels":[],"packagingLabelCodes":[],"hierarchyPath":[{"id":"Herkku_00000490","name":"Perunasoseainekset","slug":"kuivatuotteet-ja-leivonta-1/riisit-pastat-ja-nuudelit/perunasoseainekset","__typename":"HierarchyPathItem"},{"id":"Herkku_00000088","name":"Riisit, pastat ja nuudelit","slug":"kuivatuotteet-ja-leivonta-1/riisit-pastat-ja-nuudelit","__typename":"HierarchyPathItem"},{"id":"Herkku_00000007","name":"Kuivatuotteet ja leivonta","slug":"kuivatuotteet-ja-leivonta-1","__typename":"HierarchyPathItem"}],"isGlobalFallback":null,"countryName":{"fi":"Ruotsi","__typename":"CountryName"}},{"id":"7310240661682","ean":"7310240661682","name":"Felix perunamuusi 6 annosta 220g","price":1.79,"storeId":725782447,"__typename":"Product","approxPrice":false,"basicQuantityUnit":"KPL","comparisonPrice":8.14,"comparisonUnit":"KGM","consumerPackageSize":null,"consumerPackageUnit":null,"priceUnit":"KPL","quantityMultiplier":1,"brandName":"Felix","slug":"felix-perunamuusi-6-annosta-220g","isAgeLimitedByAlcohol":false,"frozen":false,"packagingLabels":[],"packagingLabelCodes":[],"hierarchyPath":[{"id":"Herkku_00000490","name":"Perunasoseainekset","slug":"kuivatuotteet-ja-leivonta-1/riisit-pastat-ja-nuudelit/perunasoseainekset","__typename":"HierarchyPathItem"},{"id":"Herkku_00000088","name":"Riisit, pastat ja nuudelit","slug":"kuivatuotteet-ja-leivonta-1/riisit-pastat-ja-nuudelit","__typename":"HierarchyPathItem"},{"id":"Herkku_00000007","name":"Kuivatuotteet ja leivonta","slug":"kuivatuotteet-ja-leivonta-1","__typename":"HierarchyPathItem"}],"isGlobalFallback":null,"countryName":{"fi":"Ruotsi","__typename":"CountryName"}},{"id":"7310340111049","ean":"7310340111049","name":"Dansukker Ruokokidesokeri 500g","price":1.99,"storeId":725782447,"__typename":"Product","approxPrice":false,"basicQuantityUnit":"KPL","comparisonPrice":3.98,"comparisonUnit":"KGM","consumerPackageSize":null,"consumerPackageUnit":null,"priceUnit":"KPL","quantityMultiplier":1,"brandName":"Dansukker","slug":"dansukker-ruokokidesokeri-500g","isAgeLimitedByAlcohol":false,"frozen":false,"packagingLabels":["Reilu Kauppa"],"packagingLabelCodes":["FAIR_TRADE_MARK"],"hierarchyPath":[{"id":"Herkku_00000449","name":"Sokerit","slug":"kuivatuotteet-ja-leivonta-1/sokerit-makeutusaineet-ja-hunaja/sokerit","__typename":"HierarchyPathItem"},{"id":"Herkku_00000084","name":"Sokerit, makeutusaineet ja hunaja","slug":"kuivatuotteet-ja-leivonta-1/sokerit-makeutusaineet-ja-hunaja","__typename":"HierarchyPathItem"},{"id":"Herkku_00000007","name":"Kuivatuotteet ja leivonta","slug":"kuivatuotteet-ja-leivonta-1","__typename":"HierarchyPathItem"}],"isGlobalFallback":null,"countryName":{"fi":"Malawi","__typename":"CountryName"}},{"id":"7310350121243","ean":"7310350121243","name":"Nutisal Enjoy Mix pähkinäsekoitus 175g","price":3.98,"storeId":725782447,"__typename":"Product","approxPrice":false,"basicQuantityUnit":"KPL","comparisonPrice":22.74,"comparisonUnit":"KGM","consumerPackageSize":null,"consumerPackageUnit":null,"priceUnit":"KPL","quantityMultiplier":1,"brandName":"Nutisal","slug":"nutisal-enjoy-mix-pahkinasekoitus-175g","isAgeLimitedByAlcohol":false,"frozen":false,"packagingLabels":[],"packagingLabelCodes":[],"hierarchyPath":[{"id":"Herkku_00000305","name":"Pähkinät","slug":"kuivatuotteet-ja-leivonta-1/siemenet-pahkinat-ja-kuivatut-hedelmat/pahkinat","__typename":"HierarchyPathItem"},{"id":"Herkku_00000050","name":"Siemenet, pähkinät ja kuivatut hedelmät","slug":"kuivatuotteet-ja-leivonta-1/siemenet-pahkinat-ja-kuivatut-hedelmat","__typename":"HierarchyPathItem"},{"id":"Herkku_00000007","name":"Kuivatuotteet ja leivonta","slug":"kuivatuotteet-ja-leivonta-1","__typename":"HierarchyPathItem"}],"isGlobalFallback":null,"countryName":{"fi":"Italia","__typename":"CountryName"}},{"id":"7310375547905","ean":"7310375547905","name":"Pepsodent Professional Medium Hammasharja Tehokas 1 kpl","price":1.45,"storeId":725782447,"__typename":"Product","approxPrice":false,"basicQuantityUnit":"KPL","comparisonPrice":1.45,"comparisonUnit":"PCE","consumerPackageSize":null,"consumerPackageUnit":null,"priceUnit":"KPL","quantityMultiplier":1,"brandName":"Pepsodent","slug":"pepsodent-professional-medium-hammasharja-tehokas-1-kpl","isAgeLimitedByAlcohol":false,"frozen":false,"packagingLabels":[],"packagingLabelCodes":[],"hierarchyPath":[{"id":"1591691233571226","name":"Hammasharjat","slug":"kosmetiikka-ja-hygienia/suunhoito/hammasharjat","__typename":"HierarchyPathItem"},{"id":"1591691233571225","name":"Suunhoito","slug":"kosmetiikka-ja-hygienia/suunhoito","__typename":"HierarchyPathItem"},{"id":"1591691233334707","name":"Kosmetiikka ja hygienia","slug":"kosmetiikka-ja-hygienia","__typename":"HierarchyPathItem"}],"isGlobalFallback":null,"countryName":{"fi":"Italia","__typename":"CountryName"}},{"id":"7310390855108","ean":"7310390855108","name":"Lipton 20ps Forest Fruit pyramidi musta tee","price":3.09,"storeId":725782447,"__typename":"Product","approxPrice":false,"basicQuantityUnit":"KPL","comparisonPrice":90.88,"comparisonUnit":"KGM","consumerPackageSize":null,"consumerPackageUnit":null,"priceUnit":"KPL","quantityMultiplier":1,"brandName":"Lipton","slug":"lipton-20ps-forest-fruit-pyramidi-musta-tee","isAgeLimitedByAlcohol":false,"frozen":false,"packagingLabels":["Rainforest alliance certified (Sammakko-merkki)"],"packagingLabelCodes":["RAINFOREST_ALLIANCE"],"hierarchyPath":[{"id":"Herkku_00000514","name":"Pussitee","slug":"juomat-1/teet/pussitee","__typename":"HierarchyPathItem"},{"id":"Herkku_00000091","name":"Teet","slug":"juomat-1/teet","__typename":"HierarchyPathItem"},{"id":"Herkku_00000005","name":"Juomat","slug":"juomat-1","__typename":"HierarchyPathItem"}],"isGlobalFallback":null,"countryName":{"fi":"Puola","__typename":"CountryName"}},{"id":"7310394005912","ean":"7310394005912","name":"Knorr Aromat Täyttöpussi Maustesuola Ei lisättyä sokeria 100 % luonnollisia ainesosia 90 g","price":1.89,"storeId":725782447,"__typename":"Product","approxPrice":false,"basicQuantityUnit":"KPL","comparisonPrice":21,"comparisonUnit":"KGM","consumerPackageSize":null,"consumerPackageUnit":null,"priceUnit":"KPL","quantityMultiplier":1,"brandName":"Knorr","slug":"knorr-aromat-tayttopussi-maustesuola-ei-lisattya-sokeria-100-luonnollisia-ainesosia-90-g","isAgeLimitedByAlcohol":false,"frozen":false,"packagingLabels":[],"packagingLabelCodes":[],"hierarchyPath":[{"id":"Herkku_00000437","name":"Muut suolat","slug":"oljyt-mausteet-maustaminen-1/suolat/muut-suolat","__typename":"HierarchyPathItem"},{"id":"Herkku_00000080","name":"Suolat","slug":"oljyt-mausteet-maustaminen-1/suolat","__typename":"HierarchyPathItem"},{"id":"Herkku_00000011","name":"Öljyt, mausteet, maustaminen","slug":"oljyt-mausteet-maustaminen-1","__typename":"HierarchyPathItem"}],"isGlobalFallback":null,"countryName":{"fi":"Unkari","__typename":"CountryName"}},{"id":"7310470571607","ean":"7310470571607","name":"Ekströms Vanhan ajan mustaherukkamehutiiviste 0,58l","price":5.1,"storeId":725782447,"__typename":"Product","approxPrice":false,"basicQuantityUnit":"KPL","comparisonPrice":8.79,"comparisonUnit":"LTR","consumerPackageSize":null,"consumerPackageUnit":null,"priceUnit":"KPL","quantityMultiplier":1,"brandName":"Ekströms","slug":"ekstroms-vanhan-ajan-mustaherukkamehutiiviste-0-58l","isAgeLimitedByAlcohol":false,"frozen":false,"packagingLabels":[],"packagingLabelCodes":[],"hierarchyPath":[{"id":"Herkku_00000652","name":"Mehutiivisteet","slug":"juomat-1/mehut/mehutiivisteet","__typename":"HierarchyPathItem"},{"id":"Herkku_00000120","name":"Mehut","slug":"juomat-1/mehut","__typename":"HierarchyPathItem"},{"id":"Herkku_00000005","name":"Juomat","slug":"juomat-1","__typename":"HierarchyPathItem"}],"isGlobalFallback":null,"countryName":{"fi":"Ruotsi","__typename":"CountryName"}},{"id":"7310500004525","ean":"7310500004525","name":"Findus Wok Classic 500g, pakaste","price":2.99,"storeId":725782447,"__typename":"Product","approxPrice":false,"basicQuantityUnit":"KPL","comparisonPrice":5.98,"comparisonUnit":"KGM","consumerPackageSize":null,"consumerPackageUnit":null,"priceUnit":"KPL","quantityMultiplier":1,"brandName":"Findus","slug":"findus-wok-classic-500g-pakaste","isAgeLimitedByAlcohol":false,"frozen":true,"packagingLabels":[],"packagingLabelCodes":[],"hierarchyPath":[{"id":"1591691225905745","name":"Kasvissekoitukset","slug":"pakasteet-1/kasvispakasteet/kasvissekoitukset","__typename":"HierarchyPathItem"},{"id":"Herkku_00000132","name":"Kasvispakasteet","slug":"pakasteet-1/kasvispakasteet","__typename":"HierarchyPathItem"},{"id":"Herkku_00000013","name":"Pakasteet","slug":"pakasteet-1","__typename":"HierarchyPathItem"}],"isGlobalFallback":null,"countryName":{"fi":"Espanja","__typename":"CountryName"}},{"id":"7310500045863","ean":"7310500045863","name":"Findus Kanelipullia 700g, pakaste","price":6.49,"storeId":725782447,"__typename":"Product","approxPrice":false,"basicQuantityUnit":"KPL","comparisonPrice":9.27,"comparisonUnit":"KGM","consumerPackageSize":null,"consumerPackageUnit":null,"priceUnit":"KPL","quantityMultiplier":1,"brandName":"Findus","slug":"findus-kanelipullia-700g-pakaste","isAgeLimitedByAlcohol":false,"frozen":true,"packagingLabels":[],"packagingLabelCodes":[],"hierarchyPath":[{"id":"1591691225974004","name":"Kakut, pullat ja leivokset","slug":"pakasteet-1/leivonnais-ja-leipapakasteet/kakut-pullat-ja-leivokset","__typename":"HierarchyPathItem"},{"id":"Herkku_00000125","name":"Leivonnais- ja leipäpakasteet","slug":"pakasteet-1/leivonnais-ja-leipapakasteet","__typename":"HierarchyPathItem"},{"id":"Herkku_00000013","name":"Pakasteet","slug":"pakasteet-1","__typename":"HierarchyPathItem"}],"isGlobalFallback":null,"countryName":{"fi":"Ruotsi","__typename":"CountryName"}},{"id":"7310500088907","ean":"7310500088907","name":"Findus Alaskanseiti MSC 400g, pakaste","price":5.39,"storeId":725782447,"__typename":"Product","approxPrice":false,"basicQuantityUnit":"KPL","comparisonPrice":13.47,"comparisonUnit":"KGM","consumerPackageSize":null,"consumerPackageUnit":null,"priceUnit":"KPL","quantityMultiplier":1,"brandName":"Findus","slug":"findus-alaskanseiti-msc-400g-pakaste","isAgeLimitedByAlcohol":false,"frozen":true,"packagingLabels":["MSC (Marine Stewardship Council)"],"packagingLabelCodes":["MARINE_STEWARDSHIP_COUNCIL_LABEL"],"hierarchyPath":[{"id":"1591691225905833","name":"Kala ja äyriäiset","slug":"pakasteet-1/liha-ja-kalapakasteet/kala-ja-ayriaiset","__typename":"HierarchyPathItem"},{"id":"Herkku_00000131","name":"Liha- ja kalapakasteet","slug":"pakasteet-1/liha-ja-kalapakasteet","__typename":"HierarchyPathItem"},{"id":"Herkku_00000013","name":"Pakasteet","slug":"pakasteet-1","__typename":"HierarchyPathItem"}],"isGlobalFallback":null,"countryName":{"fi":"Kiina","__typename":"CountryName"}},{"id":"7310500094465","ean":"7310500094465","name":"Findus Kullanrapeat kalafileet MSC 360g, pakaste","price":5.05,"storeId":725782447,"__typename":"Product","approxPrice":false,"basicQuantityUnit":"KPL","comparisonPrice":14.03,"comparisonUnit":"KGM","consumerPackageSize":null,"consumerPackageUnit":null,"priceUnit":"KPL","quantityMultiplier":1,"brandName":"Findus","slug":"findus-kullanrapeat-kalafileet-msc-360g-pakaste","isAgeLimitedByAlcohol":false,"frozen":true,"packagingLabels":["MSC (Marine Stewardship Council)"," Sydänmerkki"],"packagingLabelCodes":["FINNISH_HEART_SYMBOL"," MARINE_STEWARDSHIP_COUNCIL_LABEL"],"hierarchyPath":[{"id":"1591691225905833","name":"Kala ja äyriäiset","slug":"pakasteet-1/liha-ja-kalapakasteet/kala-ja-ayriaiset","__typename":"HierarchyPathItem"},{"id":"Herkku_00000131","name":"Liha- ja kalapakasteet","slug":"pakasteet-1/liha-ja-kalapakasteet","__typename":"HierarchyPathItem"},{"id":"Herkku_00000013","name":"Pakasteet","slug":"pakasteet-1","__typename":"HierarchyPathItem"}],"isGlobalFallback":null,"countryName":{"fi":"Ranska","__typename":"CountryName"}},{"id":"7310500094526","ean":"7310500094526","name":"Findus Filee kalapuikot MSC 250g, pakaste","price":3.75,"storeId":725782447,"__typename":"Product","approxPrice":false,"basicQuantityUnit":"KPL","comparisonPrice":15,"comparisonUnit":"KGM","consumerPackageSize":null,"consumerPackageUnit":null,"priceUnit":"KPL","quantityMultiplier":1,"brandName":"Findus","slug":"findus-filee-kalapuikot-msc-250g-pakaste","isAgeLimitedByAlcohol":false,"frozen":true,"packagingLabels":["MSC (Marine Stewardship Council)"," Sydänmerkki"],"packagingLabelCodes":["FINNISH_HEART_SYMBOL"," MARINE_STEWARDSHIP_COUNCIL_LABEL"],"hierarchyPath":[{"id":"1591691225905833","name":"Kala ja äyriäiset","slug":"pakasteet-1/liha-ja-kalapakasteet/kala-ja-ayriaiset","__typename":"HierarchyPathItem"},{"id":"Herkku_00000131","name":"Liha- ja kalapakasteet","slug":"pakasteet-1/liha-ja-kalapakasteet","__typename":"HierarchyPathItem"},{"id":"Herkku_00000013","name":"Pakasteet","slug":"pakasteet-1","__typename":"HierarchyPathItem"}],"isGlobalFallback":null,"countryName":{"fi":"Ranska","__typename":"CountryName"}},{"id":"7310500097343","ean":"7310500097343","name":"Findus Mikrovalmiit ranskanperunat 2x90g, pakaste","price":2.15,"storeId":725782447,"__typename":"Product","approxPrice":false,"basicQuantityUnit":"KPL","comparisonPrice":11.94,"comparisonUnit":"KGM","consumerPackageSize":null,"consumerPackageUnit":null,"priceUnit":"KPL","quantityMultiplier":1,"brandName":"Findus","slug":"findus-mikrovalmiit-ranskanperunat-2x90g-pakaste","isAgeLimitedByAlcohol":false,"frozen":true,"packagingLabels":[],"packagingLabelCodes":[],"hierarchyPath":[{"id":"1591691225905752","name":"Ranskalaiset perunat ja lohkoperunat","slug":"pakasteet-1/perunapakasteet/ranskalaiset-perunat-ja-lohkoperunat","__typename":"HierarchyPathItem"},{"id":"Herkku_00000128","name":"Perunapakasteet","slug":"pakasteet-1/perunapakasteet","__typename":"HierarchyPathItem"},{"id":"Herkku_00000013","name":"Pakasteet","slug":"pakasteet-1","__typename":"HierarchyPathItem"}],"isGlobalFallback":null,"countryName":{"fi":"Saksa","__typename":"CountryName"}},{"id":"7310500107981","ean":"7310500107981","name":"Findus World Selection Vegetarian Couscous 700g, pakaste","price":5.25,"storeId":725782447,"__typename":"Product","approxPrice":false,"basicQuantityUnit":"KPL","comparisonPrice":7.5,"comparisonUnit":"KGM","consumerPackageSize":null,"consumerPackageUnit":null,"priceUnit":"KPL","quantityMultiplier":1,"brandName":"Findus","slug":"findus-world-selection-vegetarian-couscous-700g-pakaste","isAgeLimitedByAlcohol":false,"frozen":true,"packagingLabels":[],"packagingLabelCodes":[],"hierarchyPath":[{"id":"1591691225905845","name":"Valmiit pakasteateriat","slug":"pakasteet-1/pakasteateriat/valmiit-pakasteateriat","__typename":"HierarchyPathItem"},{"id":"Herkku_00000129","name":"Pakasteateriat","slug":"pakasteet-1/pakasteateriat","__typename":"HierarchyPathItem"},{"id":"Herkku_00000013","name":"Pakasteet","slug":"pakasteet-1","__typename":"HierarchyPathItem"}],"isGlobalFallback":null,"countryName":{"fi":"Italia","__typename":"CountryName"}},{"id":"7310500109992","ean":"7310500109992","name":"Findus Uuni- & grillikasvikset Yrttiset 500g, pakaste","price":3.15,"storeId":725782447,"__typename":"Product","approxPrice":false,"basicQuantityUnit":"KPL","comparisonPrice":6.3,"comparisonUnit":"KGM","consumerPackageSize":null,"consumerPackageUnit":null,"priceUnit":"KPL","quantityMultiplier":1,"brandName":"Findus","slug":"findus-uuni-and-grillikasvikset-yrttiset-500g-pakaste","isAgeLimitedByAlcohol":false,"frozen":true,"packagingLabels":[],"packagingLabelCodes":[],"hierarchyPath":[{"id":"1591691225905745","name":"Kasvissekoitukset","slug":"pakasteet-1/kasvispakasteet/kasvissekoitukset","__typename":"HierarchyPathItem"},{"id":"Herkku_00000132","name":"Kasvispakasteet","slug":"pakasteet-1/kasvispakasteet","__typename":"HierarchyPathItem"},{"id":"Herkku_00000013","name":"Pakasteet","slug":"pakasteet-1","__typename":"HierarchyPathItem"}],"isGlobalFallback":null,"countryName":{"fi":"Saksa","__typename":"CountryName"}},{"id":"7310500121307","ean":"7310500121307","name":"Findus Dagens Special Paahdettu Broilerinfilee 390g, pakaste","price":4.59,"storeId":725782447,"__typename":"Product","approxPrice":false,"basicQuantityUnit":"KPL","comparisonPrice":11.77,"comparisonUnit":"KGM","consumerPackageSize":null,"consumerPackageUnit":null,"priceUnit":"KPL","quantityMultiplier":1,"brandName":"Findus","slug":"findus-dagens-special-paahdettu-broilerinfilee-390g-pakaste","isAgeLimitedByAlcohol":false,"frozen":true,"packagingLabels":[],"packagingLabelCodes":[],"hierarchyPath":[{"id":"1591691225905845","name":"Valmiit pakasteateriat","slug":"pakasteet-1/pakasteateriat/valmiit-pakasteateriat","__typename":"HierarchyPathItem"},{"id":"Herkku_00000129","name":"Pakasteateriat","slug":"pakasteet-1/pakasteateriat","__typename":"HierarchyPathItem"},{"id":"Herkku_00000013","name":"Pakasteet","slug":"pakasteet-1","__typename":"HierarchyPathItem"}],"isGlobalFallback":null,"countryName":{"fi":"Saksa","__typename":"CountryName"}},{"id":"7310500123714","ean":"7310500123714","name":"Findus Dagens Grillattu Anguspihvi 380g, pakaste","price":3.79,"storeId":725782447,"__typename":"Product","approxPrice":false,"basicQuantityUnit":"KPL","comparisonPrice":9.97,"comparisonUnit":"KGM","consumerPackageSize":null,"consumerPackageUnit":null,"priceUnit":"KPL","quantityMultiplier":1,"brandName":"Findus","slug":"findus-dagens-grillattu-anguspihvi-380g-pakaste","isAgeLimitedByAlcohol":false,"frozen":true,"packagingLabels":[],"packagingLabelCodes":[],"hierarchyPath":[{"id":"1591691225905845","name":"Valmiit pakasteateriat","slug":"pakasteet-1/pakasteateriat/valmiit-pakasteateriat","__typename":"HierarchyPathItem"},{"id":"Herkku_00000129","name":"Pakasteateriat","slug":"pakasteet-1/pakasteateriat","__typename":"HierarchyPathItem"},{"id":"Herkku_00000013","name":"Pakasteet","slug":"pakasteet-1","__typename":"HierarchyPathItem"}],"isGlobalFallback":null,"countryName":{"fi":"Saksa","__typename":"CountryName"}},{"id":"7310500143651","ean":"7310500143651","name":"Findus Täysjyvä fileekalapuikot MSC 360g, pakaste","price":4.2,"storeId":725782447,"__typename":"Product","approxPrice":false,"basicQuantityUnit":"KPL","comparisonPrice":11.67,"comparisonUnit":"KGM","consumerPackageSize":null,"consumerPackageUnit":null,"priceUnit":"KPL","quantityMultiplier":1,"brandName":"Findus","slug":"findus-taysjyva-fileekalapuikot-msc-360g-pakaste","isAgeLimitedByAlcohol":false,"frozen":true,"packagingLabels":["MSC (Marine Stewardship Council)"," Sydänmerkki"],"packagingLabelCodes":["FINNISH_HEART_SYMBOL"," MARINE_STEWARDSHIP_COUNCIL_LABEL"],"hierarchyPath":[{"id":"1591691225905833","name":"Kala ja äyriäiset","slug":"pakasteet-1/liha-ja-kalapakasteet/kala-ja-ayriaiset","__typename":"HierarchyPathItem"},{"id":"Herkku_00000131","name":"Liha- ja kalapakasteet","slug":"pakasteet-1/liha-ja-kalapakasteet","__typename":"HierarchyPathItem"},{"id":"Herkku_00000013","name":"Pakasteet","slug":"pakasteet-1","__typename":"HierarchyPathItem"}],"isGlobalFallback":null,"countryName":{"fi":"Saksa","__typename":"CountryName"}},{"id":"7310500143712","ean":"7310500143712","name":"Findus Täysjyvä kalafileet MSC 250g, pakaste","price":3.6,"storeId":725782447,"__typename":"Product","approxPrice":false,"basicQuantityUnit":"KPL","comparisonPrice":14.4,"comparisonUnit":"KGM","consumerPackageSize":null,"consumerPackageUnit":null,"priceUnit":"KPL","quantityMultiplier":1,"brandName":"Findus","slug":"findus-taysjyva-kalafileet-msc-250g-pakaste","isAgeLimitedByAlcohol":false,"frozen":true,"packagingLabels":["MSC (Marine Stewardship Council)"],"packagingLabelCodes":["MARINE_STEWARDSHIP_COUNCIL_LABEL"],"hierarchyPath":[{"id":"1591691225905833","name":"Kala ja äyriäiset","slug":"pakasteet-1/liha-ja-kalapakasteet/kala-ja-ayriaiset","__typename":"HierarchyPathItem"},{"id":"Herkku_00000131","name":"Liha- ja kalapakasteet","slug":"pakasteet-1/liha-ja-kalapakasteet","__typename":"HierarchyPathItem"},{"id":"Herkku_00000013","name":"Pakasteet","slug":"pakasteet-1","__typename":"HierarchyPathItem"}],"isGlobalFallback":null,"countryName":{"fi":"Saksa","__typename":"CountryName"}},{"id":"7310500177861","ean":"7310500177861","name":"Findus Gluteenittomat kalapuikot MSC 360g, pakaste","price":4.25,"storeId":725782447,"__typename":"Product","approxPrice":false,"basicQuantityUnit":"KPL","comparisonPrice":11.81,"comparisonUnit":"KGM","consumerPackageSize":null,"consumerPackageUnit":null,"priceUnit":"KPL","quantityMultiplier":1,"brandName":"Findus","slug":"findus-gluteenittomat-kalapuikot-msc-360g-pakaste","isAgeLimitedByAlcohol":false,"frozen":true,"packagingLabels":["Gluteeniton elintarvike (yliviivattu tähkä)"," MSC (Marine Stewardship Council)"," Sydänmerkki"],"packagingLabelCodes":["CROSSED_GRAIN_SYMBOL"," FINNISH_HEART_SYMBOL"," MARINE_STEWARDSHIP_COUNCIL_LABEL"],"hierarchyPath":[{"id":"1591691225905833","name":"Kala ja äyriäiset","slug":"pakasteet-1/liha-ja-kalapakasteet/kala-ja-ayriaiset","__typename":"HierarchyPathItem"},{"id":"Herkku_00000131","name":"Liha- ja kalapakasteet","slug":"pakasteet-1/liha-ja-kalapakasteet","__typename":"HierarchyPathItem"},{"id":"Herkku_00000013","name":"Pakasteet","slug":"pakasteet-1","__typename":"HierarchyPathItem"}],"isGlobalFallback":null,"countryName":{"fi":"Saksa","__typename":"CountryName"}},{"id":"7310500178226","ean":"7310500178226","name":"Findus Sitruunaleikkeet MSC 370g, pakaste","price":6.55,"storeId":725782447,"__typename":"Product","approxPrice":false,"basicQuantityUnit":"KPL","comparisonPrice":17.7,"comparisonUnit":"KGM","consumerPackageSize":null,"consumerPackageUnit":null,"priceUnit":"KPL","quantityMultiplier":1,"brandName":"Findus","slug":"findus-sitruunaleikkeet-msc-370g-pakaste","isAgeLimitedByAlcohol":false,"frozen":true,"packagingLabels":["MSC (Marine Stewardship Council)"],"packagingLabelCodes":["MARINE_STEWARDSHIP_COUNCIL_LABEL"],"hierarchyPath":[{"id":"1591691225905833","name":"Kala ja äyriäiset","slug":"pakasteet-1/liha-ja-kalapakasteet/kala-ja-ayriaiset","__typename":"HierarchyPathItem"},{"id":"Herkku_00000131","name":"Liha- ja kalapakasteet","slug":"pakasteet-1/liha-ja-kalapakasteet","__typename":"HierarchyPathItem"},{"id":"Herkku_00000013","name":"Pakasteet","slug":"pakasteet-1","__typename":"HierarchyPathItem"}],"isGlobalFallback":null,"countryName":{"fi":"Ranska","__typename":"CountryName"}},{"id":"7310500183114","ean":"7310500183114","name":"Findus Green Cuisine Falafel 450g, pakaste","price":4.49,"storeId":725782447,"__typename":"Product","approxPrice":false,"basicQuantityUnit":"KPL","comparisonPrice":9.98,"comparisonUnit":"KGM","consumerPackageSize":null,"consumerPackageUnit":null,"priceUnit":"KPL","quantityMultiplier":1,"brandName":"Findus","slug":"findus-green-cuisine-falafel-450g-pakaste","isAgeLimitedByAlcohol":false,"frozen":true,"packagingLabels":[],"packagingLabelCodes":[],"hierarchyPath":[{"id":"1591691225905845","name":"Valmiit pakasteateriat","slug":"pakasteet-1/pakasteateriat/valmiit-pakasteateriat","__typename":"HierarchyPathItem"},{"id":"Herkku_00000129","name":"Pakasteateriat","slug":"pakasteet-1/pakasteateriat","__typename":"HierarchyPathItem"},{"id":"Herkku_00000013","name":"Pakasteet","slug":"pakasteet-1","__typename":"HierarchyPathItem"}],"isGlobalFallback":null,"countryName":{"fi":"Espanja","__typename":"CountryName"}},{"id":"7310500183145","ean":"7310500183145","name":"Findus Green Cuisine Vegepuikot 284g, pakaste","price":1.79,"storeId":725782447,"__typename":"Product","approxPrice":false,"basicQuantityUnit":"KPL","comparisonPrice":6.3,"comparisonUnit":"KGM","consumerPackageSize":null,"consumerPackageUnit":null,"priceUnit":"KPL","quantityMultiplier":1,"brandName":"Findus","slug":"findus-green-cuisine-vegepuikot-284g-pakaste","isAgeLimitedByAlcohol":false,"frozen":true,"packagingLabels":[],"packagingLabelCodes":[],"hierarchyPath":[{"id":"1591691225905845","name":"Valmiit pakasteateriat","slug":"pakasteet-1/pakasteateriat/valmiit-pakasteateriat","__typename":"HierarchyPathItem"},{"id":"Herkku_00000129","name":"Pakasteateriat","slug":"pakasteet-1/pakasteateriat","__typename":"HierarchyPathItem"},{"id":"Herkku_00000013","name":"Pakasteet","slug":"pakasteet-1","__typename":"HierarchyPathItem"}],"isGlobalFallback":null,"countryName":{"fi":"Saksa","__typename":"CountryName"}},{"id":"7310500185453","ean":"7310500185453","name":"Findus Chicken Curry 1000g, pakaste","price":6.75,"storeId":725782447,"__typename":"Product","approxPrice":false,"basicQuantityUnit":"KPL","comparisonPrice":6.75,"comparisonUnit":"KGM","consumerPackageSize":null,"consumerPackageUnit":null,"priceUnit":"KPL","quantityMultiplier":1,"brandName":"Findus","slug":"findus-chicken-curry-1000g-pakaste","isAgeLimitedByAlcohol":false,"frozen":true,"packagingLabels":[],"packagingLabelCodes":[],"hierarchyPath":[{"id":"1591691225905845","name":"Valmiit pakasteateriat","slug":"pakasteet-1/pakasteateriat/valmiit-pakasteateriat","__typename":"HierarchyPathItem"},{"id":"Herkku_00000129","name":"Pakasteateriat","slug":"pakasteet-1/pakasteateriat","__typename":"HierarchyPathItem"},{"id":"Herkku_00000013","name":"Pakasteet","slug":"pakasteet-1","__typename":"HierarchyPathItem"}],"isGlobalFallback":null,"countryName":{"fi":"Saksa","__typename":"CountryName"}},{"id":"7310500185514","ean":"7310500185514","name":"Findus Green Cuisine Pinaattipuikot 284g, pakaste","price":2.59,"storeId":725782447,"__typename":"Product","approxPrice":false,"basicQuantityUnit":"KPL","comparisonPrice":9.12,"comparisonUnit":"KGM","consumerPackageSize":null,"consumerPackageUnit":null,"priceUnit":"KPL","quantityMultiplier":1,"brandName":"Findus","slug":"findus-green-cuisine-pinaattipuikot-284g-pakaste","isAgeLimitedByAlcohol":false,"frozen":true,"packagingLabels":[],"packagingLabelCodes":[],"hierarchyPath":[{"id":"1591691225905845","name":"Valmiit pakasteateriat","slug":"pakasteet-1/pakasteateriat/valmiit-pakasteateriat","__typename":"HierarchyPathItem"},{"id":"Herkku_00000129","name":"Pakasteateriat","slug":"pakasteet-1/pakasteateriat","__typename":"HierarchyPathItem"},{"id":"Herkku_00000013","name":"Pakasteet","slug":"pakasteet-1","__typename":"HierarchyPathItem"}],"isGlobalFallback":null,"countryName":{"fi":"Saksa","__typename":"CountryName"}},{"id":"7310500186047","ean":"7310500186047","name":"Findus Siemenpaneroidut kalafileet, kurpitsansiemen MSC 220g, pakaste","price":3.9,"storeId":725782447,"__typename":"Product","approxPrice":false,"basicQuantityUnit":"KPL","comparisonPrice":17.73,"comparisonUnit":"KGM","consumerPackageSize":null,"consumerPackageUnit":null,"priceUnit":"KPL","quantityMultiplier":1,"brandName":"Findus","slug":"findus-siemenpaneroidut-kalafileet-kurpitsansiemen-msc-220g-pakaste","isAgeLimitedByAlcohol":false,"frozen":true,"packagingLabels":["MSC (Marine Stewardship Council)"," Sydänmerkki"],"packagingLabelCodes":["FINNISH_HEART_SYMBOL"," MARINE_STEWARDSHIP_COUNCIL_LABEL"],"hierarchyPath":[{"id":"1591691225905833","name":"Kala ja äyriäiset","slug":"pakasteet-1/liha-ja-kalapakasteet/kala-ja-ayriaiset","__typename":"HierarchyPathItem"},{"id":"Herkku_00000131","name":"Liha- ja kalapakasteet","slug":"pakasteet-1/liha-ja-kalapakasteet","__typename":"HierarchyPathItem"},{"id":"Herkku_00000013","name":"Pakasteet","slug":"pakasteet-1","__typename":"HierarchyPathItem"}],"isGlobalFallback":null,"countryName":{"fi":"Saksa","__typename":"CountryName"}},{"id":"7310510001996","ean":"7310510001996","name":"Marabou Mintkrokant  Suklaalevy  200g","price":2.45,"storeId":725782447,"__typename":"Product","approxPrice":false,"basicQuantityUnit":"KPL","comparisonPrice":12.25,"comparisonUnit":"KGM","consumerPackageSize":null,"consumerPackageUnit":null,"priceUnit":"KPL","quantityMultiplier":1,"brandName":"Marabou","slug":"marabou-mintkrokant-suklaalevy-200g","isAgeLimitedByAlcohol":false,"frozen":false,"packagingLabels":["Cocoa Life"],"packagingLabelCodes":["COCOA_LIFE"],"hierarchyPath":[{"id":"Herkku_00000334","name":"Suklaalevyt","slug":"makeiset-ja-naposteltavat-1/suklaat/suklaalevyt","__typename":"HierarchyPathItem"},{"id":"Herkku_00000060","name":"Suklaat","slug":"makeiset-ja-naposteltavat-1/suklaat","__typename":"HierarchyPathItem"},{"id":"Herkku_00000009","name":"Makeiset ja naposteltavat","slug":"makeiset-ja-naposteltavat-1","__typename":"HierarchyPathItem"}],"isGlobalFallback":null,"countryName":{"fi":"Ruotsi","__typename":"CountryName"}},{"id":"7310511210403","ean":"7310511210403","name":"Marabou Mjölkchoklad suklaalevy 200g","price":2.19,"storeId":725782447,"__typename":"Product","approxPrice":false,"basicQuantityUnit":"KPL","comparisonPrice":10.95,"comparisonUnit":"KGM","consumerPackageSize":null,"consumerPackageUnit":null,"priceUnit":"KPL","quantityMultiplier":1,"brandName":"Marabou","slug":"marabou-mjolkchoklad-suklaalevy-200g","isAgeLimitedByAlcohol":false,"frozen":false,"packagingLabels":["Cocoa Life"],"packagingLabelCodes":["COCOA_LIFE"],"hierarchyPath":[{"id":"Herkku_00000334","name":"Suklaalevyt","slug":"makeiset-ja-naposteltavat-1/suklaat/suklaalevyt","__typename":"HierarchyPathItem"},{"id":"Herkku_00000060","name":"Suklaat","slug":"makeiset-ja-naposteltavat-1/suklaat","__typename":"HierarchyPathItem"},{"id":"Herkku_00000009","name":"Makeiset ja naposteltavat","slug":"makeiset-ja-naposteltavat-1","__typename":"HierarchyPathItem"}],"isGlobalFallback":null,"countryName":{"fi":"Ruotsi","__typename":"CountryName"}},{"id":"7310511216405","ean":"7310511216405","name":"Marabou Schweizernöt suklaalevy 200g","price":2.45,"storeId":725782447,"__typename":"Product","approxPrice":false,"basicQuantityUnit":"KPL","comparisonPrice":12.25,"comparisonUnit":"KGM","consumerPackageSize":null,"consumerPackageUnit":null,"priceUnit":"KPL","quantityMultiplier":1,"brandName":"Marabou","slug":"marabou-schweizernot-suklaalevy-200g","isAgeLimitedByAlcohol":false,"frozen":false,"packagingLabels":["Cocoa Life"],"packagingLabelCodes":["COCOA_LIFE"],"hierarchyPath":[{"id":"Herkku_00000334","name":"Suklaalevyt","slug":"makeiset-ja-naposteltavat-1/suklaat/suklaalevyt","__typename":"HierarchyPathItem"},{"id":"Herkku_00000060","name":"Suklaat","slug":"makeiset-ja-naposteltavat-1/suklaat","__typename":"HierarchyPathItem"},{"id":"Herkku_00000009","name":"Makeiset ja naposteltavat","slug":"makeiset-ja-naposteltavat-1","__typename":"HierarchyPathItem"}],"isGlobalFallback":null,"countryName":{"fi":"Ruotsi","__typename":"CountryName"}},{"id":"7310511257507","ean":"7310511257507","name":"Daim Double suklaapatukka 56g","price":0.92,"storeId":725782447,"__typename":"Product","approxPrice":false,"basicQuantityUnit":"KPL","comparisonPrice":16.14,"comparisonUnit":"KGM","consumerPackageSize":null,"consumerPackageUnit":null,"priceUnit":"KPL","quantityMultiplier":1,"brandName":"Daim","slug":"daim-double-suklaapatukka-56g","isAgeLimitedByAlcohol":false,"frozen":false,"packagingLabels":["Cocoa Life"],"packagingLabelCodes":["COCOA_LIFE"],"hierarchyPath":[{"id":"Herkku_00000333","name":"Suklaapatukat","slug":"makeiset-ja-naposteltavat-1/suklaat/suklaapatukat","__typename":"HierarchyPathItem"},{"id":"Herkku_00000060","name":"Suklaat","slug":"makeiset-ja-naposteltavat-1/suklaat","__typename":"HierarchyPathItem"},{"id":"Herkku_00000009","name":"Makeiset ja naposteltavat","slug":"makeiset-ja-naposteltavat-1","__typename":"HierarchyPathItem"}],"isGlobalFallback":null,"countryName":{"fi":"Ruotsi","__typename":"CountryName"}},{"id":"7310520004284","ean":"7310520004284","name":"Kantolan suklaakaurakeksi 200g","price":2.39,"storeId":725782447,"__typename":"Product","approxPrice":false,"basicQuantityUnit":"KPL","comparisonPrice":11.95,"comparisonUnit":"KGM","consumerPackageSize":null,"consumerPackageUnit":null,"priceUnit":"KPL","quantityMultiplier":1,"brandName":"Kantolan","slug":"kantolan-suklaakaurakeksi-200g","isAgeLimitedByAlcohol":false,"frozen":false,"packagingLabels":[],"packagingLabelCodes":[],"hierarchyPath":[{"id":"Herkku_00000369","name":"Muut keksit ja kahvikeksit","slug":"leivat-keksit-ja-leivonnaiset-1/keksit/muut-keksit-ja-kahvikeksit","__typename":"HierarchyPathItem"},{"id":"Herkku_00000065","name":"Keksit","slug":"leivat-keksit-ja-leivonnaiset-1/keksit","__typename":"HierarchyPathItem"},{"id":"Herkku_00000008","name":"Leivät, keksit ja leivonnaiset","slug":"leivat-keksit-ja-leivonnaiset-1","__typename":"HierarchyPathItem"}],"isGlobalFallback":null,"countryName":null},{"id":"7310520009753","ean":"7310520009753","name":"Kantolan Ballerina nougat täytekeksi 205g","price":1.89,"storeId":725782447,"__typename":"Product","approxPrice":false,"basicQuantityUnit":"KPL","comparisonPrice":9.22,"comparisonUnit":"KGM","consumerPackageSize":null,"consumerPackageUnit":null,"priceUnit":"KPL","quantityMultiplier":1,"brandName":"Ballerina","slug":"kantolan-ballerina-nougat-taytekeksi-205g","isAgeLimitedByAlcohol":false,"frozen":false,"packagingLabels":[],"packagingLabelCodes":[],"hierarchyPath":null,"isGlobalFallback":null,"countryName":null},{"id":"7310520011480","ean":"7310520011480","name":"Kantolan Cream Cracker voileipäkeksi 200g","price":1.79,"storeId":725782447,"__typename":"Product","approxPrice":false,"basicQuantityUnit":"KPL","comparisonPrice":8.95,"comparisonUnit":"KGM","consumerPackageSize":null,"consumerPackageUnit":null,"priceUnit":"KPL","quantityMultiplier":1,"brandName":"Kantolan","slug":"kantolan-cream-cracker-voileipakeksi-200g","isAgeLimitedByAlcohol":false,"frozen":false,"packagingLabels":[],"packagingLabelCodes":[],"hierarchyPath":[{"id":"1591691259121515","name":"Välipalakeksit","slug":"leivat-keksit-ja-leivonnaiset-1/keksit/valipalakeksit","__typename":"HierarchyPathItem"},{"id":"Herkku_00000065","name":"Keksit","slug":"leivat-keksit-ja-leivonnaiset-1/keksit","__typename":"HierarchyPathItem"},{"id":"Herkku_00000008","name":"Leivät, keksit ja leivonnaiset","slug":"leivat-keksit-ja-leivonnaiset-1","__typename":"HierarchyPathItem"}],"isGlobalFallback":null,"countryName":{"fi":"Ruotsi","__typename":"CountryName"}},{"id":"7310521151611","ean":"7310521151611","name":"Kantolan kaurakeksi 300g","price":2.45,"storeId":725782447,"__typename":"Product","approxPrice":false,"basicQuantityUnit":"KPL","comparisonPrice":8.17,"comparisonUnit":"KGM","consumerPackageSize":null,"consumerPackageUnit":null,"priceUnit":"KPL","quantityMultiplier":1,"brandName":"Kantolan","slug":"kantolan-kaurakeksi-300g","isAgeLimitedByAlcohol":false,"frozen":false,"packagingLabels":[],"packagingLabelCodes":[],"hierarchyPath":[{"id":"Herkku_00000369","name":"Muut keksit ja kahvikeksit","slug":"leivat-keksit-ja-leivonnaiset-1/keksit/muut-keksit-ja-kahvikeksit","__typename":"HierarchyPathItem"},{"id":"Herkku_00000065","name":"Keksit","slug":"leivat-keksit-ja-leivonnaiset-1/keksit","__typename":"HierarchyPathItem"},{"id":"Herkku_00000008","name":"Leivät, keksit ja leivonnaiset","slug":"leivat-keksit-ja-leivonnaiset-1","__typename":"HierarchyPathItem"}],"isGlobalFallback":null,"countryName":{"fi":"Ruotsi","__typename":"CountryName"}},{"id":"7310521410213","ean":"7310521410213","name":"Kantolan Ballerina vadelma täytekeksi 190g","price":1.89,"storeId":725782447,"__typename":"Product","approxPrice":false,"basicQuantityUnit":"KPL","comparisonPrice":9.95,"comparisonUnit":"KGM","consumerPackageSize":null,"consumerPackageUnit":null,"priceUnit":"KPL","quantityMultiplier":1,"brandName":"Ballerina","slug":"kantolan-ballerina-vadelma-taytekeksi-190g","isAgeLimitedByAlcohol":false,"frozen":false,"packagingLabels":[],"packagingLabelCodes":[],"hierarchyPath":null,"isGlobalFallback":null,"countryName":null},{"id":"7310532105382","ean":"7310532105382","name":"Estrella Sourcream & Ranch Chips 275g","price":3.35,"storeId":725782447,"__typename":"Product","approxPrice":false,"basicQuantityUnit":"KPL","comparisonPrice":12.18,"comparisonUnit":"KGM","consumerPackageSize":null,"consumerPackageUnit":null,"priceUnit":"KPL","quantityMultiplier":1,"brandName":"Estrella","slug":"estrella-sourcream-and-ranch-chips-275g","isAgeLimitedByAlcohol":false,"frozen":false,"packagingLabels":[],"packagingLabelCodes":[],"hierarchyPath":[{"id":"Herkku_00000347","name":"Perunalastut","slug":"makeiset-ja-naposteltavat-1/sipsit-ja-muut-naposteltavat/perunalastut","__typename":"HierarchyPathItem"},{"id":"Herkku_00000062","name":"Sipsit ja muut naposteltavat","slug":"makeiset-ja-naposteltavat-1/sipsit-ja-muut-naposteltavat","__typename":"HierarchyPathItem"},{"id":"Herkku_00000009","name":"Makeiset ja naposteltavat","slug":"makeiset-ja-naposteltavat-1","__typename":"HierarchyPathItem"}],"isGlobalFallback":null,"countryName":{"fi":"Ruotsi","__typename":"CountryName"}},{"id":"7310532105986","ean":"7310532105986","name":"Estrella Manhattan Sourcream & Onion Chips 275g","price":3.35,"storeId":725782447,"__typename":"Product","approxPrice":false,"basicQuantityUnit":"KPL","comparisonPrice":12.18,"comparisonUnit":"KGM","consumerPackageSize":null,"consumerPackageUnit":null,"priceUnit":"KPL","quantityMultiplier":1,"brandName":"Estrella","slug":"estrella-manhattan-sourcream-and-onion-chips-275g","isAgeLimitedByAlcohol":false,"frozen":false,"packagingLabels":["Green Dot"],"packagingLabelCodes":["GREEN_DOT"],"hierarchyPath":[{"id":"Herkku_00000347","name":"Perunalastut","slug":"makeiset-ja-naposteltavat-1/sipsit-ja-muut-naposteltavat/perunalastut","__typename":"HierarchyPathItem"},{"id":"Herkku_00000062","name":"Sipsit ja muut naposteltavat","slug":"makeiset-ja-naposteltavat-1/sipsit-ja-muut-naposteltavat","__typename":"HierarchyPathItem"},{"id":"Herkku_00000009","name":"Makeiset ja naposteltavat","slug":"makeiset-ja-naposteltavat-1","__typename":"HierarchyPathItem"}],"isGlobalFallback":null,"countryName":{"fi":"Ruotsi","__typename":"CountryName"}},{"id":"7310532106068","ean":"7310532106068","name":"Estrella Herkku Chips 275g","price":3.35,"storeId":725782447,"__typename":"Product","approxPrice":false,"basicQuantityUnit":"KPL","comparisonPrice":12.18,"comparisonUnit":"KGM","consumerPackageSize":null,"consumerPackageUnit":null,"priceUnit":"KPL","quantityMultiplier":1,"brandName":"Estrella","slug":"estrella-herkku-chips-275g","isAgeLimitedByAlcohol":false,"frozen":false,"packagingLabels":[],"packagingLabelCodes":[],"hierarchyPath":[{"id":"Herkku_00000347","name":"Perunalastut","slug":"makeiset-ja-naposteltavat-1/sipsit-ja-muut-naposteltavat/perunalastut","__typename":"HierarchyPathItem"},{"id":"Herkku_00000062","name":"Sipsit ja muut naposteltavat","slug":"makeiset-ja-naposteltavat-1/sipsit-ja-muut-naposteltavat","__typename":"HierarchyPathItem"},{"id":"Herkku_00000009","name":"Makeiset ja naposteltavat","slug":"makeiset-ja-naposteltavat-1","__typename":"HierarchyPathItem"}],"isGlobalFallback":null,"countryName":{"fi":"Ruotsi","__typename":"CountryName"}},{"id":"7310532112922","ean":"7310532112922","name":"Estrella Linssisipsi Kermaviili & Sipuli 110g","price":2.45,"storeId":725782447,"__typename":"Product","approxPrice":false,"basicQuantityUnit":"KPL","comparisonPrice":22.27,"comparisonUnit":"KGM","consumerPackageSize":null,"consumerPackageUnit":null,"priceUnit":"KPL","quantityMultiplier":1,"brandName":"Estrella","slug":"estrella-linssisipsi-kermaviili-and-sipuli-110g","isAgeLimitedByAlcohol":false,"frozen":false,"packagingLabels":[],"packagingLabelCodes":[],"hierarchyPath":[{"id":"Herkku_00000348","name":"Muotosnacksit","slug":"makeiset-ja-naposteltavat-1/sipsit-ja-muut-naposteltavat/muotosnacksit","__typename":"HierarchyPathItem"},{"id":"Herkku_00000062","name":"Sipsit ja muut naposteltavat","slug":"makeiset-ja-naposteltavat-1/sipsit-ja-muut-naposteltavat","__typename":"HierarchyPathItem"},{"id":"Herkku_00000009","name":"Makeiset ja naposteltavat","slug":"makeiset-ja-naposteltavat-1","__typename":"HierarchyPathItem"}],"isGlobalFallback":null,"countryName":{"fi":"Ruotsi","__typename":"CountryName"}},{"id":"7310532113288","ean":"7310532113288","name":"Estrella Linssisipsi Ranch 110g","price":2.45,"storeId":725782447,"__typename":"Product","approxPrice":false,"basicQuantityUnit":"KPL","comparisonPrice":22.27,"comparisonUnit":"KGM","consumerPackageSize":null,"consumerPackageUnit":null,"priceUnit":"KPL","quantityMultiplier":1,"brandName":"Estrella","slug":"estrella-linssisipsi-ranch-110g","isAgeLimitedByAlcohol":false,"frozen":false,"packagingLabels":[],"packagingLabelCodes":[],"hierarchyPath":[{"id":"Herkku_00000348","name":"Muotosnacksit","slug":"makeiset-ja-naposteltavat-1/sipsit-ja-muut-naposteltavat/muotosnacksit","__typename":"HierarchyPathItem"},{"id":"Herkku_00000062","name":"Sipsit ja muut naposteltavat","slug":"makeiset-ja-naposteltavat-1/sipsit-ja-muut-naposteltavat","__typename":"HierarchyPathItem"},{"id":"Herkku_00000009","name":"Makeiset ja naposteltavat","slug":"makeiset-ja-naposteltavat-1","__typename":"HierarchyPathItem"}],"isGlobalFallback":null,"countryName":{"fi":"Ruotsi","__typename":"CountryName"}},{"id":"7310532114124","ean":"7310532114124","name":"Estrella Linssisnacks Sourcream and Onion 125g","price":2.65,"storeId":725782447,"__typename":"Product","approxPrice":false,"basicQuantityUnit":"KPL","comparisonPrice":21.2,"comparisonUnit":"KGM","consumerPackageSize":null,"consumerPackageUnit":null,"priceUnit":"KPL","quantityMultiplier":1,"brandName":"Estrella","slug":"estrella-linssisnacks-sourcream-and-onion-125g","isAgeLimitedByAlcohol":false,"frozen":false,"packagingLabels":[],"packagingLabelCodes":[],"hierarchyPath":[{"id":"Herkku_00000348","name":"Muotosnacksit","slug":"makeiset-ja-naposteltavat-1/sipsit-ja-muut-naposteltavat/muotosnacksit","__typename":"HierarchyPathItem"},{"id":"Herkku_00000062","name":"Sipsit ja muut naposteltavat","slug":"makeiset-ja-naposteltavat-1/sipsit-ja-muut-naposteltavat","__typename":"HierarchyPathItem"},{"id":"Herkku_00000009","name":"Makeiset ja naposteltavat","slug":"makeiset-ja-naposteltavat-1","__typename":"HierarchyPathItem"}],"isGlobalFallback":null,"countryName":{"fi":"Ruotsi","__typename":"CountryName"}},{"id":"7310532131213","ean":"7310532131213","name":"Estrella Holiday Dippimauste 14g","price":1.15,"storeId":725782447,"__typename":"Product","approxPrice":false,"basicQuantityUnit":"KPL","comparisonPrice":82.14,"comparisonUnit":"KGM","consumerPackageSize":null,"consumerPackageUnit":null,"priceUnit":"KPL","quantityMultiplier":1,"brandName":"Estrella","slug":"estrella-holiday-dippimauste-14g","isAgeLimitedByAlcohol":false,"frozen":false,"packagingLabels":[],"packagingLabelCodes":[],"hierarchyPath":[{"id":"Herkku_00000350","name":"Muut snacksit","slug":"makeiset-ja-naposteltavat-1/sipsit-ja-muut-naposteltavat/muut-snacksit","__typename":"HierarchyPathItem"},{"id":"Herkku_00000062","name":"Sipsit ja muut naposteltavat","slug":"makeiset-ja-naposteltavat-1/sipsit-ja-muut-naposteltavat","__typename":"HierarchyPathItem"},{"id":"Herkku_00000009","name":"Makeiset ja naposteltavat","slug":"makeiset-ja-naposteltavat-1","__typename":"HierarchyPathItem"}],"isGlobalFallback":null,"countryName":{"fi":"Ruotsi","__typename":"CountryName"}},{"id":"7310532131985","ean":"7310532131985","name":"Estrella Roasted Paprika Dippimauste 16g","price":1.15,"storeId":725782447,"__typename":"Product","approxPrice":false,"basicQuantityUnit":"KPL","comparisonPrice":71.88,"comparisonUnit":"KGM","consumerPackageSize":null,"consumerPackageUnit":null,"priceUnit":"KPL","quantityMultiplier":1,"brandName":"Estrella","slug":"estrella-roasted-paprika-dippimauste-16g","isAgeLimitedByAlcohol":false,"frozen":false,"packagingLabels":[],"packagingLabelCodes":[],"hierarchyPath":[{"id":"Herkku_00000350","name":"Muut snacksit","slug":"makeiset-ja-naposteltavat-1/sipsit-ja-muut-naposteltavat/muut-snacksit","__typename":"HierarchyPathItem"},{"id":"Herkku_00000062","name":"Sipsit ja muut naposteltavat","slug":"makeiset-ja-naposteltavat-1/sipsit-ja-muut-naposteltavat","__typename":"HierarchyPathItem"},{"id":"Herkku_00000009","name":"Makeiset ja naposteltavat","slug":"makeiset-ja-naposteltavat-1","__typename":"HierarchyPathItem"}],"isGlobalFallback":null,"countryName":{"fi":"Ruotsi","__typename":"CountryName"}},{"id":"7310532151969","ean":"7310532151969","name":"Estrella Cheese & Chilipähkinä 140g","price":1.95,"storeId":725782447,"__typename":"Product","approxPrice":false,"basicQuantityUnit":"KPL","comparisonPrice":13.93,"comparisonUnit":"KGM","consumerPackageSize":null,"consumerPackageUnit":null,"priceUnit":"KPL","quantityMultiplier":1,"brandName":"Estrella","slug":"estrella-cheese-and-chilipahkina-140g","isAgeLimitedByAlcohol":false,"frozen":false,"packagingLabels":["Green Dot"],"packagingLabelCodes":["GREEN_DOT"],"hierarchyPath":[{"id":"Herkku_00000305","name":"Pähkinät","slug":"kuivatuotteet-ja-leivonta-1/siemenet-pahkinat-ja-kuivatut-hedelmat/pahkinat","__typename":"HierarchyPathItem"},{"id":"Herkku_00000050","name":"Siemenet, pähkinät ja kuivatut hedelmät","slug":"kuivatuotteet-ja-leivonta-1/siemenet-pahkinat-ja-kuivatut-hedelmat","__typename":"HierarchyPathItem"},{"id":"Herkku_00000007","name":"Kuivatuotteet ja leivonta","slug":"kuivatuotteet-ja-leivonta-1","__typename":"HierarchyPathItem"}],"isGlobalFallback":null,"countryName":{"fi":"Argentiina","__typename":"CountryName"}},{"id":"7310532151976","ean":"7310532151976","name":"Estrella Chilipähkinä 140g","price":1.95,"storeId":725782447,"__typename":"Product","approxPrice":false,"basicQuantityUnit":"KPL","comparisonPrice":13.93,"comparisonUnit":"KGM","consumerPackageSize":null,"consumerPackageUnit":null,"priceUnit":"KPL","quantityMultiplier":1,"brandName":"Estrella","slug":"estrella-chilipahkina-140g","isAgeLimitedByAlcohol":false,"frozen":false,"packagingLabels":["Green Dot"],"packagingLabelCodes":["GREEN_DOT"],"hierarchyPath":[{"id":"Herkku_00000305","name":"Pähkinät","slug":"kuivatuotteet-ja-leivonta-1/siemenet-pahkinat-ja-kuivatut-hedelmat/pahkinat","__typename":"HierarchyPathItem"},{"id":"Herkku_00000050","name":"Siemenet, pähkinät ja kuivatut hedelmät","slug":"kuivatuotteet-ja-leivonta-1/siemenet-pahkinat-ja-kuivatut-hedelmat","__typename":"HierarchyPathItem"},{"id":"Herkku_00000007","name":"Kuivatuotteet ja leivonta","slug":"kuivatuotteet-ja-leivonta-1","__typename":"HierarchyPathItem"}],"isGlobalFallback":null,"countryName":{"fi":"Argentiina","__typename":"CountryName"}},{"id":"7310532151983","ean":"7310532151983","name":"Estrella Honey & Salt Cashew Mix 140g","price":2.49,"storeId":725782447,"__typename":"Product","approxPrice":false,"basicQuantityUnit":"KPL","comparisonPrice":17.79,"comparisonUnit":"KGM","consumerPackageSize":null,"consumerPackageUnit":null,"priceUnit":"KPL","quantityMultiplier":1,"brandName":"Estrella","slug":"estrella-honey-and-salt-cashew-mix-140g","isAgeLimitedByAlcohol":false,"frozen":false,"packagingLabels":["Green Dot"],"packagingLabelCodes":["GREEN_DOT"],"hierarchyPath":[{"id":"Herkku_00000305","name":"Pähkinät","slug":"kuivatuotteet-ja-leivonta-1/siemenet-pahkinat-ja-kuivatut-hedelmat/pahkinat","__typename":"HierarchyPathItem"},{"id":"Herkku_00000050","name":"Siemenet, pähkinät ja kuivatut hedelmät","slug":"kuivatuotteet-ja-leivonta-1/siemenet-pahkinat-ja-kuivatut-hedelmat","__typename":"HierarchyPathItem"},{"id":"Herkku_00000007","name":"Kuivatuotteet ja leivonta","slug":"kuivatuotteet-ja-leivonta-1","__typename":"HierarchyPathItem"}],"isGlobalFallback":null,"countryName":{"fi":"Argentiina","__typename":"CountryName"}},{"id":"7310532152102","ean":"7310532152102","name":"Estrella Spicy Chili Maapähkinä 140g","price":1.95,"storeId":725782447,"__typename":"Product","approxPrice":false,"basicQuantityUnit":"KPL","comparisonPrice":13.93,"comparisonUnit":"KGM","consumerPackageSize":null,"consumerPackageUnit":null,"priceUnit":"KPL","quantityMultiplier":1,"brandName":"Estrella","slug":"estrella-spicy-chili-maapahkina-140g","isAgeLimitedByAlcohol":false,"frozen":false,"packagingLabels":[],"packagingLabelCodes":[],"hierarchyPath":[{"id":"Herkku_00000305","name":"Pähkinät","slug":"kuivatuotteet-ja-leivonta-1/siemenet-pahkinat-ja-kuivatut-hedelmat/pahkinat","__typename":"HierarchyPathItem"},{"id":"Herkku_00000050","name":"Siemenet, pähkinät ja kuivatut hedelmät","slug":"kuivatuotteet-ja-leivonta-1/siemenet-pahkinat-ja-kuivatut-hedelmat","__typename":"HierarchyPathItem"},{"id":"Herkku_00000007","name":"Kuivatuotteet ja leivonta","slug":"kuivatuotteet-ja-leivonta-1","__typename":"HierarchyPathItem"}],"isGlobalFallback":null,"countryName":{"fi":"Puola","__typename":"CountryName"}},{"id":"7310532152386","ean":"7310532152386","name":"Estrella Sourcream & Onion Maapähkinä 140g","price":1.95,"storeId":725782447,"__typename":"Product","approxPrice":false,"basicQuantityUnit":"KPL","comparisonPrice":13.93,"comparisonUnit":"KGM","consumerPackageSize":null,"consumerPackageUnit":null,"priceUnit":"KPL","quantityMultiplier":1,"brandName":"Estrella","slug":"estrella-sourcream-and-onion-maapahkina-140g","isAgeLimitedByAlcohol":false,"frozen":false,"packagingLabels":["Kierrätysmerkki"],"packagingLabelCodes":["RECYCLABLE_GENERAL_CLAIM"],"hierarchyPath":[{"id":"Herkku_00000305","name":"Pähkinät","slug":"kuivatuotteet-ja-leivonta-1/siemenet-pahkinat-ja-kuivatut-hedelmat/pahkinat","__typename":"HierarchyPathItem"},{"id":"Herkku_00000050","name":"Siemenet, pähkinät ja kuivatut hedelmät","slug":"kuivatuotteet-ja-leivonta-1/siemenet-pahkinat-ja-kuivatut-hedelmat","__typename":"HierarchyPathItem"},{"id":"Herkku_00000007","name":"Kuivatuotteet ja leivonta","slug":"kuivatuotteet-ja-leivonta-1","__typename":"HierarchyPathItem"}],"isGlobalFallback":null,"countryName":{"fi":"Puola","__typename":"CountryName"}},{"id":"7310532160893","ean":"7310532160893","name":"Estrella Micropopcorn 3-pack voinmakuinen 240g","price":2.29,"storeId":725782447,"__typename":"Product","approxPrice":false,"basicQuantityUnit":"KPL","comparisonPrice":9.54,"comparisonUnit":"KGM","consumerPackageSize":null,"consumerPackageUnit":null,"priceUnit":"KPL","quantityMultiplier":1,"brandName":"Estrella","slug":"estrella-micropopcorn-3-pack-voinmakuinen-240g","isAgeLimitedByAlcohol":false,"frozen":false,"packagingLabels":[],"packagingLabelCodes":[],"hierarchyPath":[{"id":"Herkku_00000349","name":"Popcornit","slug":"makeiset-ja-naposteltavat-1/sipsit-ja-muut-naposteltavat/popcornit","__typename":"HierarchyPathItem"},{"id":"Herkku_00000062","name":"Sipsit ja muut naposteltavat","slug":"makeiset-ja-naposteltavat-1/sipsit-ja-muut-naposteltavat","__typename":"HierarchyPathItem"},{"id":"Herkku_00000009","name":"Makeiset ja naposteltavat","slug":"makeiset-ja-naposteltavat-1","__typename":"HierarchyPathItem"}],"isGlobalFallback":null,"countryName":{"fi":"Ranska","__typename":"CountryName"}},{"id":"7310532300169","ean":"7310532300169","name":"Estrella Merisuolachips 275g","price":3.35,"storeId":725782447,"__typename":"Product","approxPrice":false,"basicQuantityUnit":"KPL","comparisonPrice":12.18,"comparisonUnit":"KGM","consumerPackageSize":null,"consumerPackageUnit":null,"priceUnit":"KPL","quantityMultiplier":1,"brandName":"Estrella","slug":"estrella-merisuolachips-275g","isAgeLimitedByAlcohol":false,"frozen":false,"packagingLabels":[],"packagingLabelCodes":[],"hierarchyPath":[{"id":"Herkku_00000347","name":"Perunalastut","slug":"makeiset-ja-naposteltavat-1/sipsit-ja-muut-naposteltavat/perunalastut","__typename":"HierarchyPathItem"},{"id":"Herkku_00000062","name":"Sipsit ja muut naposteltavat","slug":"makeiset-ja-naposteltavat-1/sipsit-ja-muut-naposteltavat","__typename":"HierarchyPathItem"},{"id":"Herkku_00000009","name":"Makeiset ja naposteltavat","slug":"makeiset-ja-naposteltavat-1","__typename":"HierarchyPathItem"}],"isGlobalFallback":null,"countryName":{"fi":"Ruotsi","__typename":"CountryName"}},{"id":"7310532301241","ean":"7310532301241","name":"Estrella Maalaissipsi Merisuola 180g","price":3.29,"storeId":725782447,"__typename":"Product","approxPrice":false,"basicQuantityUnit":"KPL","comparisonPrice":18.28,"comparisonUnit":"KGM","consumerPackageSize":null,"consumerPackageUnit":null,"priceUnit":"KPL","quantityMultiplier":1,"brandName":"Estrella","slug":"estrella-maalaissipsi-merisuola-180g","isAgeLimitedByAlcohol":false,"frozen":false,"packagingLabels":[],"packagingLabelCodes":[],"hierarchyPath":[{"id":"Herkku_00000347","name":"Perunalastut","slug":"makeiset-ja-naposteltavat-1/sipsit-ja-muut-naposteltavat/perunalastut","__typename":"HierarchyPathItem"},{"id":"Herkku_00000062","name":"Sipsit ja muut naposteltavat","slug":"makeiset-ja-naposteltavat-1/sipsit-ja-muut-naposteltavat","__typename":"HierarchyPathItem"},{"id":"Herkku_00000009","name":"Makeiset ja naposteltavat","slug":"makeiset-ja-naposteltavat-1","__typename":"HierarchyPathItem"}],"isGlobalFallback":null,"countryName":{"fi":"Ruotsi","__typename":"CountryName"}},{"id":"7310532301258","ean":"7310532301258","name":"Estrella Maalaissipsi – Ranch & Kermaviili 180g","price":3.29,"storeId":725782447,"__typename":"Product","approxPrice":false,"basicQuantityUnit":"KPL","comparisonPrice":18.28,"comparisonUnit":"KGM","consumerPackageSize":null,"consumerPackageUnit":null,"priceUnit":"KPL","quantityMultiplier":1,"brandName":"Estrella","slug":"estrella-maalaissipsi-ranch-and-kermaviili-180g","isAgeLimitedByAlcohol":false,"frozen":false,"packagingLabels":[],"packagingLabelCodes":[],"hierarchyPath":[{"id":"Herkku_00000347","name":"Perunalastut","slug":"makeiset-ja-naposteltavat-1/sipsit-ja-muut-naposteltavat/perunalastut","__typename":"HierarchyPathItem"},{"id":"Herkku_00000062","name":"Sipsit ja muut naposteltavat","slug":"makeiset-ja-naposteltavat-1/sipsit-ja-muut-naposteltavat","__typename":"HierarchyPathItem"},{"id":"Herkku_00000009","name":"Makeiset ja naposteltavat","slug":"makeiset-ja-naposteltavat-1","__typename":"HierarchyPathItem"}],"isGlobalFallback":null,"countryName":null},{"id":"7310532301838","ean":"7310532301838","name":"Estrella Bataattisipsi, Kermaviili & sipuli 90g","price":2.89,"storeId":725782447,"__typename":"Product","approxPrice":false,"basicQuantityUnit":"KPL","comparisonPrice":32.11,"comparisonUnit":"KGM","consumerPackageSize":null,"consumerPackageUnit":null,"priceUnit":"KPL","quantityMultiplier":1,"brandName":"Estrella","slug":"estrella-bataattisipsi-kermaviili-and-sipuli-90g","isAgeLimitedByAlcohol":false,"frozen":false,"packagingLabels":["Green Dot"],"packagingLabelCodes":["GREEN_DOT"],"hierarchyPath":[{"id":"Herkku_00000348","name":"Muotosnacksit","slug":"makeiset-ja-naposteltavat-1/sipsit-ja-muut-naposteltavat/muotosnacksit","__typename":"HierarchyPathItem"},{"id":"Herkku_00000062","name":"Sipsit ja muut naposteltavat","slug":"makeiset-ja-naposteltavat-1/sipsit-ja-muut-naposteltavat","__typename":"HierarchyPathItem"},{"id":"Herkku_00000009","name":"Makeiset ja naposteltavat","slug":"makeiset-ja-naposteltavat-1","__typename":"HierarchyPathItem"}],"isGlobalFallback":null,"countryName":{"fi":"Ruotsi","__typename":"CountryName"}},{"id":"7310570170229","ean":"7310570170229","name":"RFSU Thin ohut kondomi 5kpl","price":3.45,"storeId":725782447,"__typename":"Product","approxPrice":false,"basicQuantityUnit":"KPL","comparisonPrice":0.69,"comparisonUnit":"PCE","consumerPackageSize":null,"consumerPackageUnit":null,"priceUnit":"KPL","quantityMultiplier":1,"brandName":"RFSU","slug":"rfsu-thin-ohut-kondomi-5kpl","isAgeLimitedByAlcohol":false,"frozen":false,"packagingLabels":[],"packagingLabelCodes":[],"hierarchyPath":[{"id":"1591691233571276","name":"Ehkäisy ja intiimituotteet","slug":"kosmetiikka-ja-hygienia/intiimihygienia-ja-intiimituotteet/ehkaisy-ja-intiimituotteet","__typename":"HierarchyPathItem"},{"id":"1591691233571247","name":"Intiimihygienia ja intiimituotteet","slug":"kosmetiikka-ja-hygienia/intiimihygienia-ja-intiimituotteet","__typename":"HierarchyPathItem"},{"id":"1591691233334707","name":"Kosmetiikka ja hygienia","slug":"kosmetiikka-ja-hygienia","__typename":"HierarchyPathItem"}],"isGlobalFallback":null,"countryName":{"fi":"Ruotsi","__typename":"CountryName"}},{"id":"7310572000111","ean":"7310572000111","name":"RFSU Sense Me Magic Glide liukuvoide 75ml","price":5.49,"storeId":725782447,"__typename":"Product","approxPrice":false,"basicQuantityUnit":"KPL","comparisonPrice":73.2,"comparisonUnit":"LTR","consumerPackageSize":null,"consumerPackageUnit":null,"priceUnit":"KPL","quantityMultiplier":1,"brandName":"RFSU","slug":"rfsu-sense-me-magic-glide-liukuvoide-75ml","isAgeLimitedByAlcohol":false,"frozen":false,"packagingLabels":[],"packagingLabelCodes":[],"hierarchyPath":[{"id":"1591691233571276","name":"Ehkäisy ja intiimituotteet","slug":"kosmetiikka-ja-hygienia/intiimihygienia-ja-intiimituotteet/ehkaisy-ja-intiimituotteet","__typename":"HierarchyPathItem"},{"id":"1591691233571247","name":"Intiimihygienia ja intiimituotteet","slug":"kosmetiikka-ja-hygienia/intiimihygienia-ja-intiimituotteet","__typename":"HierarchyPathItem"},{"id":"1591691233334707","name":"Kosmetiikka ja hygienia","slug":"kosmetiikka-ja-hygienia","__typename":"HierarchyPathItem"}],"isGlobalFallback":null,"countryName":{"fi":"Ruotsi","__typename":"CountryName"}},{"id":"7310572100033","ean":"7310572100033","name":"RFSU Raskaustestikynä 1kpl","price":3.09,"storeId":725782447,"__typename":"Product","approxPrice":false,"basicQuantityUnit":"KPL","comparisonPrice":3.09,"comparisonUnit":"PCE","consumerPackageSize":null,"consumerPackageUnit":null,"priceUnit":"KPL","quantityMultiplier":1,"brandName":"RFSU","slug":"rfsu-raskaustestikyna-1kpl","isAgeLimitedByAlcohol":false,"frozen":false,"packagingLabels":[],"packagingLabelCodes":[],"hierarchyPath":[{"id":"1591691233571279","name":"Raskaustestit ja muut testit","slug":"kosmetiikka-ja-hygienia/intiimihygienia-ja-intiimituotteet/raskaustestit-ja-muut-testit","__typename":"HierarchyPathItem"},{"id":"1591691233571247","name":"Intiimihygienia ja intiimituotteet","slug":"kosmetiikka-ja-hygienia/intiimihygienia-ja-intiimituotteet","__typename":"HierarchyPathItem"},{"id":"1591691233334707","name":"Kosmetiikka ja hygienia","slug":"kosmetiikka-ja-hygienia","__typename":"HierarchyPathItem"}],"isGlobalFallback":null,"countryName":{"fi":"Kiina","__typename":"CountryName"}},{"id":"7310575120236","ean":"7310575120236","name":"RFSU Magic kondomi 5kpl","price":3.39,"storeId":725782447,"__typename":"Product","approxPrice":false,"basicQuantityUnit":"KPL","comparisonPrice":0.68,"comparisonUnit":"PCE","consumerPackageSize":null,"consumerPackageUnit":null,"priceUnit":"KPL","quantityMultiplier":1,"brandName":"RFSU","slug":"rfsu-magic-kondomi-5kpl","isAgeLimitedByAlcohol":false,"frozen":false,"packagingLabels":[],"packagingLabelCodes":[],"hierarchyPath":[{"id":"1591691233571276","name":"Ehkäisy ja intiimituotteet","slug":"kosmetiikka-ja-hygienia/intiimihygienia-ja-intiimituotteet/ehkaisy-ja-intiimituotteet","__typename":"HierarchyPathItem"},{"id":"1591691233571247","name":"Intiimihygienia ja intiimituotteet","slug":"kosmetiikka-ja-hygienia/intiimihygienia-ja-intiimituotteet","__typename":"HierarchyPathItem"},{"id":"1591691233334707","name":"Kosmetiikka ja hygienia","slug":"kosmetiikka-ja-hygienia","__typename":"HierarchyPathItem"}],"isGlobalFallback":null,"countryName":{"fi":"Thaimaa","__typename":"CountryName"}},{"id":"7310610010256","ean":"7310610010256","name":"Samarin hedelmäsuola 36 kpl","price":6.45,"storeId":725782447,"__typename":"Product","approxPrice":false,"basicQuantityUnit":"KPL","comparisonPrice":44.79,"comparisonUnit":"KGM","consumerPackageSize":null,"consumerPackageUnit":null,"priceUnit":"KPL","quantityMultiplier":1,"brandName":"Samarin","slug":"samarin-hedelmasuola-36-kpl","isAgeLimitedByAlcohol":false,"frozen":false,"packagingLabels":[],"packagingLabelCodes":[],"hierarchyPath":[{"id":"Herkku_00001055","name":"Terveyssuolat ja happotasaajat","slug":"luontaistuotteet-ja-lisaravinteet-1/vatsan-hyvinvointivalmisteet/terveyssuolat-ja-happotasaajat","__typename":"HierarchyPathItem"},{"id":"Herkku_00000179","name":"Vatsan hyvinvointivalmisteet","slug":"luontaistuotteet-ja-lisaravinteet-1/vatsan-hyvinvointivalmisteet","__typename":"HierarchyPathItem"},{"id":"Herkku_00000016","name":"Luontaistuotteet ja lisäravinteet","slug":"luontaistuotteet-ja-lisaravinteet-1","__typename":"HierarchyPathItem"}],"isGlobalFallback":null,"countryName":{"fi":"Tanska","__typename":"CountryName"}},{"id":"7310614360074","ean":"7310614360074","name":"Family Fresh Creamy Berry shower cream suihkusaippua 500ml","price":2.69,"storeId":725782447,"__typename":"Product","approxPrice":false,"basicQuantityUnit":"KPL","comparisonPrice":5.38,"comparisonUnit":"LTR","consumerPackageSize":null,"consumerPackageUnit":null,"priceUnit":"KPL","quantityMultiplier":1,"brandName":"Family Fresh","slug":"family-fresh-creamy-berry-shower-cream-suihkusaippua-500ml","isAgeLimitedByAlcohol":false,"frozen":false,"packagingLabels":[],"packagingLabelCodes":[],"hierarchyPath":[{"id":"1591691233415960","name":"Naisten suihkusaippuat","slug":"kosmetiikka-ja-hygienia/saippuat-ja-pesutarvikkeet/naisten-suihkusaippuat","__typename":"HierarchyPathItem"},{"id":"1591691233415959","name":"Saippuat ja pesutarvikkeet","slug":"kosmetiikka-ja-hygienia/saippuat-ja-pesutarvikkeet","__typename":"HierarchyPathItem"},{"id":"1591691233334707","name":"Kosmetiikka ja hygienia","slug":"kosmetiikka-ja-hygienia","__typename":"HierarchyPathItem"}],"isGlobalFallback":null,"countryName":{"fi":"Ruotsi","__typename":"CountryName"}},{"id":"7310615462241","ean":"7310615462241","name":"Salvequick Textil leikattava kangaslaastari 75cm","price":2.35,"storeId":725782447,"__typename":"Product","approxPrice":false,"basicQuantityUnit":"KPL","comparisonPrice":2.35,"comparisonUnit":"PCE","consumerPackageSize":null,"consumerPackageUnit":null,"priceUnit":"KPL","quantityMultiplier":1,"brandName":"Salvequick","slug":"salvequick-textil-leikattava-kangaslaastari-75cm","isAgeLimitedByAlcohol":false,"frozen":false,"packagingLabels":[],"packagingLabelCodes":[],"hierarchyPath":[{"id":"1591691233571282","name":"Laastarit ja haavanhoitotuotteet","slug":"kosmetiikka-ja-hygienia/intiimihygienia-ja-intiimituotteet/laastarit-ja-haavanhoitotuotteet","__typename":"HierarchyPathItem"},{"id":"1591691233571247","name":"Intiimihygienia ja intiimituotteet","slug":"kosmetiikka-ja-hygienia/intiimihygienia-ja-intiimituotteet","__typename":"HierarchyPathItem"},{"id":"1591691233334707","name":"Kosmetiikka ja hygienia","slug":"kosmetiikka-ja-hygienia","__typename":"HierarchyPathItem"}],"isGlobalFallback":null,"countryName":{"fi":"Espanja","__typename":"CountryName"}},{"id":"7310616071244","ean":"7310616071244","name":"Salvequick Aqua Resist muovilaastari 22kpl","price":2.35,"storeId":725782447,"__typename":"Product","approxPrice":false,"basicQuantityUnit":"KPL","comparisonPrice":0.11,"comparisonUnit":"PCE","consumerPackageSize":null,"consumerPackageUnit":null,"priceUnit":"KPL","quantityMultiplier":1,"brandName":"Salvequick","slug":"salvequick-aqua-resist-muovilaastari-22kpl","isAgeLimitedByAlcohol":false,"frozen":false,"packagingLabels":[],"packagingLabelCodes":[],"hierarchyPath":[{"id":"1591691233571282","name":"Laastarit ja haavanhoitotuotteet","slug":"kosmetiikka-ja-hygienia/intiimihygienia-ja-intiimituotteet/laastarit-ja-haavanhoitotuotteet","__typename":"HierarchyPathItem"},{"id":"1591691233571247","name":"Intiimihygienia ja intiimituotteet","slug":"kosmetiikka-ja-hygienia/intiimihygienia-ja-intiimituotteet","__typename":"HierarchyPathItem"},{"id":"1591691233334707","name":"Kosmetiikka ja hygienia","slug":"kosmetiikka-ja-hygienia","__typename":"HierarchyPathItem"}],"isGlobalFallback":null,"countryName":{"fi":"Espanja","__typename":"CountryName"}},{"id":"7310618427032","ean":"7310618427032","name":"Bliw Mustikka pumppupullo nestesaippua 300ml","price":2.29,"storeId":725782447,"__typename":"Product","approxPrice":false,"basicQuantityUnit":"KPL","comparisonPrice":7.63,"comparisonUnit":"LTR","consumerPackageSize":null,"consumerPackageUnit":null,"priceUnit":"KPL","quantityMultiplier":1,"brandName":"bliw","slug":"bliw-mustikka-pumppupullo-nestesaippua-300ml","isAgeLimitedByAlcohol":false,"frozen":false,"packagingLabels":["Pohjoismainen ympäristömerkki (Joutsen)"," VEGAN_SOCIETY_VEGAN_LOGO"],"packagingLabelCodes":["SVANEN"," VEGAN_SOCIETY_VEGAN_LOGO"],"hierarchyPath":[{"id":"1591691233415963","name":"Nestesaippuat","slug":"kosmetiikka-ja-hygienia/saippuat-ja-pesutarvikkeet/nestesaippuat","__typename":"HierarchyPathItem"},{"id":"1591691233415959","name":"Saippuat ja pesutarvikkeet","slug":"kosmetiikka-ja-hygienia/saippuat-ja-pesutarvikkeet","__typename":"HierarchyPathItem"},{"id":"1591691233334707","name":"Kosmetiikka ja hygienia","slug":"kosmetiikka-ja-hygienia","__typename":"HierarchyPathItem"}],"isGlobalFallback":null,"countryName":{"fi":"Ruotsi","__typename":"CountryName"}},{"id":"7310619069200","ean":"7310619069200","name":"Blistex Medilip huulivoide 4,25g","price":2.09,"storeId":725782447,"__typename":"Product","approxPrice":false,"basicQuantityUnit":"KPL","comparisonPrice":522.5,"comparisonUnit":"KGM","consumerPackageSize":null,"consumerPackageUnit":null,"priceUnit":"KPL","quantityMultiplier":1,"brandName":"Blistex","slug":"blistex-medilip-huulivoide-4-25g","isAgeLimitedByAlcohol":false,"frozen":false,"packagingLabels":[],"packagingLabelCodes":[],"hierarchyPath":[{"id":"1591691233334749","name":"Huulivoiteet","slug":"kosmetiikka-ja-hygienia/kasvojenhoito/huulivoiteet","__typename":"HierarchyPathItem"},{"id":"1591691233334725","name":"Kasvojenhoito","slug":"kosmetiikka-ja-hygienia/kasvojenhoito","__typename":"HierarchyPathItem"},{"id":"1591691233334707","name":"Kosmetiikka ja hygienia","slug":"kosmetiikka-ja-hygienia","__typename":"HierarchyPathItem"}],"isGlobalFallback":null,"countryName":{"fi":"Yhdysvallat","__typename":"CountryName"}},{"id":"7310619170005","ean":"7310619170005","name":"WC Kukka Sininen huuhtelu wc-raikastin 40g","price":2.19,"storeId":725782447,"__typename":"Product","approxPrice":false,"basicQuantityUnit":"KPL","comparisonPrice":54.75,"comparisonUnit":"KGM","consumerPackageSize":null,"consumerPackageUnit":null,"priceUnit":"KPL","quantityMultiplier":1,"brandName":"WC Kukka","slug":"wc-kukka-sininen-huuhtelu-wc-raikastin-40g","isAgeLimitedByAlcohol":false,"frozen":false,"packagingLabels":[],"packagingLabelCodes":[],"hierarchyPath":[{"id":"1591691234596341","name":"Kylpyhuoneen ja wc:n puhdistusaineet","slug":"kodinhoito-ja-taloustarvikkeet/siivous-ja-puhdistusaineet/kylpyhuoneen-ja-wc:n-puhdistusaineet","__typename":"HierarchyPathItem"},{"id":"1591691234596327","name":"Siivous ja puhdistusaineet","slug":"kodinhoito-ja-taloustarvikkeet/siivous-ja-puhdistusaineet","__typename":"HierarchyPathItem"},{"id":"1591691234596256","name":"Kodinhoito ja taloustarvikkeet","slug":"kodinhoito-ja-taloustarvikkeet","__typename":"HierarchyPathItem"}],"isGlobalFallback":null,"countryName":{"fi":"Saksa","__typename":"CountryName"}},{"id":"7310700673262","ean":"7310700673262","name":"Oboy Original  Kaakaojuomajauhe 1kg","price":4.99,"storeId":725782447,"__typename":"Product","approxPrice":false,"basicQuantityUnit":"KPL","comparisonPrice":4.99,"comparisonUnit":"KGM","consumerPackageSize":null,"consumerPackageUnit":null,"priceUnit":"KPL","quantityMultiplier":1,"brandName":"O'Boy","slug":"oboy-original-kaakaojuomajauhe-1kg","isAgeLimitedByAlcohol":false,"frozen":false,"packagingLabels":["Cocoa Life"],"packagingLabelCodes":["COCOA_LIFE"],"hierarchyPath":[{"id":"Herkku_00000511","name":"Kaakaojauheet","slug":"juomat-1/kaakaot/kaakaojauheet","__typename":"HierarchyPathItem"},{"id":"Herkku_00000090","name":"Kaakaot","slug":"juomat-1/kaakaot","__typename":"HierarchyPathItem"},{"id":"Herkku_00000005","name":"Juomat","slug":"juomat-1","__typename":"HierarchyPathItem"}],"isGlobalFallback":null,"countryName":{"fi":"Ruotsi","__typename":"CountryName"}},{"id":"7310760012315","ean":"7310760012315","name":"Arvid Nordquist Classic Gran Dia kahvi 500g","price":6.89,"storeId":725782447,"__typename":"Product","approxPrice":false,"basicQuantityUnit":"KPL","comparisonPrice":13.78,"comparisonUnit":"KGM","consumerPackageSize":null,"consumerPackageUnit":null,"priceUnit":"KPL","quantityMultiplier":1,"brandName":"Arvid Nordquist","slug":"arvid-nordquist-classic-gran-dia-kahvi-500g","isAgeLimitedByAlcohol":false,"frozen":false,"packagingLabels":["Rainforest alliance certified (Sammakko-merkki)"],"packagingLabelCodes":["RAINFOREST_ALLIANCE"],"hierarchyPath":[{"id":"1591691224561855","name":"Kahvit","slug":"juomat-1/kahvit-ja-suodatinpaperit/kahvit","__typename":"HierarchyPathItem"},{"id":"Herkku_00000089","name":"Kahvit ja suodatinpaperit","slug":"juomat-1/kahvit-ja-suodatinpaperit","__typename":"HierarchyPathItem"},{"id":"Herkku_00000005","name":"Juomat","slug":"juomat-1","__typename":"HierarchyPathItem"}],"isGlobalFallback":null,"countryName":{"fi":"Ruotsi","__typename":"CountryName"}},{"id":"7310760012445","ean":"7310760012445","name":"Arvid Nordquist Selection Reko KRAV Reilun kaupan suodatinkahvi 450g","price":6.9,"storeId":725782447,"__typename":"Product","approxPrice":false,"basicQuantityUnit":"KPL","comparisonPrice":15.33,"comparisonUnit":"KGM","consumerPackageSize":null,"consumerPackageUnit":null,"priceUnit":"KPL","quantityMultiplier":1,"brandName":"Arvid Nordquist","slug":"arvid-nordquist-selection-reko-krav-reilun-kaupan-suodatinkahvi-450g","isAgeLimitedByAlcohol":false,"frozen":false,"packagingLabels":["EU:n luomutunnus (lehti)"," Reilu Kauppa"],"packagingLabelCodes":["EU_ORGANIC_FARMING"," FAIR_TRADE_MARK"],"hierarchyPath":[{"id":"1591691224561855","name":"Kahvit","slug":"juomat-1/kahvit-ja-suodatinpaperit/kahvit","__typename":"HierarchyPathItem"},{"id":"Herkku_00000089","name":"Kahvit ja suodatinpaperit","slug":"juomat-1/kahvit-ja-suodatinpaperit","__typename":"HierarchyPathItem"},{"id":"Herkku_00000005","name":"Juomat","slug":"juomat-1","__typename":"HierarchyPathItem"}],"isGlobalFallback":null,"countryName":{"fi":"Ruotsi","__typename":"CountryName"}},{"id":"7310760012902","ean":"7310760012902","name":"Arvid Nordquist Classic 500g Franskrost kahvi","price":6.89,"storeId":725782447,"__typename":"Product","approxPrice":false,"basicQuantityUnit":"KPL","comparisonPrice":13.78,"comparisonUnit":"KGM","consumerPackageSize":null,"consumerPackageUnit":null,"priceUnit":"KPL","quantityMultiplier":1,"brandName":"Arvid Nordquist","slug":"arvid-nordquist-classic-500g-franskrost-kahvi","isAgeLimitedByAlcohol":false,"frozen":false,"packagingLabels":["Rainforest alliance certified (Sammakko-merkki)"],"packagingLabelCodes":["RAINFOREST_ALLIANCE"],"hierarchyPath":[{"id":"1591691224561855","name":"Kahvit","slug":"juomat-1/kahvit-ja-suodatinpaperit/kahvit","__typename":"HierarchyPathItem"},{"id":"Herkku_00000089","name":"Kahvit ja suodatinpaperit","slug":"juomat-1/kahvit-ja-suodatinpaperit","__typename":"HierarchyPathItem"},{"id":"Herkku_00000005","name":"Juomat","slug":"juomat-1","__typename":"HierarchyPathItem"}],"isGlobalFallback":null,"countryName":{"fi":"Ruotsi","__typename":"CountryName"}},{"id":"7310790088212","ean":"7310790088212","name":"Libresse side Ultra+ Normal Wing 14 kpl","price":2.45,"storeId":725782447,"__typename":"Product","approxPrice":false,"basicQuantityUnit":"KPL","comparisonPrice":0.18,"comparisonUnit":"PCE","consumerPackageSize":null,"consumerPackageUnit":null,"priceUnit":"KPL","quantityMultiplier":1,"brandName":"Libresse","slug":"libresse-side-ultra-normal-wing-14-kpl","isAgeLimitedByAlcohol":false,"frozen":false,"packagingLabels":["Pohjoismainen ympäristömerkki (Joutsen)"],"packagingLabelCodes":["SVANEN"],"hierarchyPath":[{"id":"1591691233571265","name":"Siteet","slug":"kosmetiikka-ja-hygienia/intiimihygienia-ja-intiimituotteet/siteet","__typename":"HierarchyPathItem"},{"id":"1591691233571247","name":"Intiimihygienia ja intiimituotteet","slug":"kosmetiikka-ja-hygienia/intiimihygienia-ja-intiimituotteet","__typename":"HierarchyPathItem"},{"id":"1591691233334707","name":"Kosmetiikka ja hygienia","slug":"kosmetiikka-ja-hygienia","__typename":"HierarchyPathItem"}],"isGlobalFallback":null,"countryName":{"fi":"Slovakia","__typename":"CountryName"}},{"id":"7310809065005","ean":"7310809065005","name":"Blistex Lip Relief Cream hoitava huulivoide 6ml","price":3.19,"storeId":725782447,"__typename":"Product","approxPrice":false,"basicQuantityUnit":"KPL","comparisonPrice":531.67,"comparisonUnit":"LTR","consumerPackageSize":null,"consumerPackageUnit":null,"priceUnit":"KPL","quantityMultiplier":1,"brandName":"Blistex","slug":"blistex-lip-relief-cream-hoitava-huulivoide-6ml","isAgeLimitedByAlcohol":false,"frozen":false,"packagingLabels":[],"packagingLabelCodes":[],"hierarchyPath":[{"id":"1591691233334749","name":"Huulivoiteet","slug":"kosmetiikka-ja-hygienia/kasvojenhoito/huulivoiteet","__typename":"HierarchyPathItem"},{"id":"1591691233334725","name":"Kasvojenhoito","slug":"kosmetiikka-ja-hygienia/kasvojenhoito","__typename":"HierarchyPathItem"},{"id":"1591691233334707","name":"Kosmetiikka ja hygienia","slug":"kosmetiikka-ja-hygienia","__typename":"HierarchyPathItem"}],"isGlobalFallback":null,"countryName":{"fi":"Yhdysvallat","__typename":"CountryName"}},{"id":"7310860560808","ean":"7310860560808","name":"Ingmariini 600 g normaalisuolainen vähälaktoosinen levite","price":4.85,"storeId":725782447,"__typename":"Product","approxPrice":false,"basicQuantityUnit":"KPL","comparisonPrice":8.08,"comparisonUnit":"KGM","consumerPackageSize":null,"consumerPackageUnit":null,"priceUnit":"KPL","quantityMultiplier":1,"brandName":"Ingmariini","slug":"ingmariini-600-g-normaalisuolainen-vahalaktoosinen-levite","isAgeLimitedByAlcohol":false,"frozen":false,"packagingLabels":[],"packagingLabelCodes":[],"hierarchyPath":[{"id":"Herkku_00000301","name":"Rasvaseokset","slug":"maito-munat-ja-rasvat-0/rasvat/rasvaseokset","__typename":"HierarchyPathItem"},{"id":"Herkku_00000049","name":"Rasvat","slug":"maito-munat-ja-rasvat-0/rasvat","__typename":"HierarchyPathItem"},{"id":"Herkku_00000006","name":"Maito, munat ja rasvat","slug":"maito-munat-ja-rasvat-0","__typename":"HierarchyPathItem"}],"isGlobalFallback":null,"countryName":{"fi":"Ruotsi","__typename":"CountryName"}},{"id":"7310861015253","ean":"7310861015253","name":"Gainomax High Protein drink Smooth Vanilla Proteiinijuoma 250ml","price":2.45,"storeId":725782447,"__typename":"Product","approxPrice":false,"basicQuantityUnit":"KPL","comparisonPrice":9.8,"comparisonUnit":"LTR","consumerPackageSize":null,"consumerPackageUnit":null,"priceUnit":"KPL","quantityMultiplier":1,"brandName":"Gainomax","slug":"gainomax-high-protein-drink-smooth-vanilla-proteiinijuoma-250ml","isAgeLimitedByAlcohol":false,"frozen":false,"packagingLabels":[],"packagingLabelCodes":[],"hierarchyPath":[{"id":"Herkku_00000973","name":"Maitopohjaiset proteiinijuomat","slug":"luontaistuotteet-ja-lisaravinteet-1/urheiluravinnejuomat/maitopohjaiset-proteiinijuomat","__typename":"HierarchyPathItem"},{"id":"Herkku_00000158","name":"Urheiluravinnejuomat","slug":"luontaistuotteet-ja-lisaravinteet-1/urheiluravinnejuomat","__typename":"HierarchyPathItem"},{"id":"Herkku_00000016","name":"Luontaistuotteet ja lisäravinteet","slug":"luontaistuotteet-ja-lisaravinteet-1","__typename":"HierarchyPathItem"}],"isGlobalFallback":null,"countryName":{"fi":"Ruotsi","__typename":"CountryName"}},{"id":"7310865097477","ean":"7310865097477","name":"Arla Keso 1,5% laktoositon maustamaton raejuusto 200 g","price":1.95,"storeId":725782447,"__typename":"Product","approxPrice":false,"basicQuantityUnit":"KPL","comparisonPrice":9.75,"comparisonUnit":"KGM","consumerPackageSize":null,"consumerPackageUnit":null,"priceUnit":"KPL","quantityMultiplier":1,"brandName":"Arla Keso","slug":"arla-keso-1-5-laktoositon-maustamaton-raejuusto-200-g","isAgeLimitedByAlcohol":false,"frozen":false,"packagingLabels":[],"packagingLabelCodes":[],"hierarchyPath":[{"id":"1591691244827927","name":"Raejuustot","slug":"juustot-0/ruoka-ja-herkuttelujuustot/raejuustot","__typename":"HierarchyPathItem"},{"id":"1591691244827915","name":"Ruoka- ja herkuttelujuustot","slug":"juustot-0/ruoka-ja-herkuttelujuustot","__typename":"HierarchyPathItem"},{"id":"Herkku_00000003","name":"Juustot","slug":"juustot-0","__typename":"HierarchyPathItem"}],"isGlobalFallback":null,"countryName":{"fi":"Ruotsi","__typename":"CountryName"}},{"id":"7310890203607","ean":"7310890203607","name":"Frödinge laktoositon mud cake kostea suklaakakku pakaste 400g","price":4.99,"storeId":725782447,"__typename":"Product","approxPrice":false,"basicQuantityUnit":"KPL","comparisonPrice":12.48,"comparisonUnit":"KGM","consumerPackageSize":null,"consumerPackageUnit":null,"priceUnit":"KPL","quantityMultiplier":1,"brandName":"Frödinge","slug":"frodinge-laktoositon-mud-cake-kostea-suklaakakku-pakaste-400g","isAgeLimitedByAlcohol":false,"frozen":true,"packagingLabels":[],"packagingLabelCodes":[],"hierarchyPath":[{"id":"1591691225974004","name":"Kakut, pullat ja leivokset","slug":"pakasteet-1/leivonnais-ja-leipapakasteet/kakut-pullat-ja-leivokset","__typename":"HierarchyPathItem"},{"id":"Herkku_00000125","name":"Leivonnais- ja leipäpakasteet","slug":"pakasteet-1/leivonnais-ja-leipapakasteet","__typename":"HierarchyPathItem"},{"id":"Herkku_00000013","name":"Pakasteet","slug":"pakasteet-1","__typename":"HierarchyPathItem"}],"isGlobalFallback":null,"countryName":{"fi":"Ruotsi","__typename":"CountryName"}},{"id":"7310890601687","ean":"7310890601687","name":"Frödinge prinsessakakku pakaste 480g","price":7.19,"storeId":725782447,"__typename":"Product","approxPrice":false,"basicQuantityUnit":"KPL","comparisonPrice":14.98,"comparisonUnit":"KGM","consumerPackageSize":null,"consumerPackageUnit":null,"priceUnit":"KPL","quantityMultiplier":1,"brandName":"Frödinge","slug":"frodinge-prinsessakakku-pakaste-480g","isAgeLimitedByAlcohol":false,"frozen":true,"packagingLabels":[],"packagingLabelCodes":[],"hierarchyPath":[{"id":"1591691225974004","name":"Kakut, pullat ja leivokset","slug":"pakasteet-1/leivonnais-ja-leipapakasteet/kakut-pullat-ja-leivokset","__typename":"HierarchyPathItem"},{"id":"Herkku_00000125","name":"Leivonnais- ja leipäpakasteet","slug":"pakasteet-1/leivonnais-ja-leipapakasteet","__typename":"HierarchyPathItem"},{"id":"Herkku_00000013","name":"Pakasteet","slug":"pakasteet-1","__typename":"HierarchyPathItem"}],"isGlobalFallback":null,"countryName":{"fi":"Ruotsi","__typename":"CountryName"}},{"id":"7310890601885","ean":"7310890601885","name":"Frödinge vähälaktoosinen mansikkakakku pakaste 500g","price":7.19,"storeId":725782447,"__typename":"Product","approxPrice":false,"basicQuantityUnit":"KPL","comparisonPrice":14.38,"comparisonUnit":"KGM","consumerPackageSize":null,"consumerPackageUnit":null,"priceUnit":"KPL","quantityMultiplier":1,"brandName":"Frödinge","slug":"frodinge-vahalaktoosinen-mansikkakakku-pakaste-500g","isAgeLimitedByAlcohol":false,"frozen":true,"packagingLabels":[],"packagingLabelCodes":[],"hierarchyPath":[{"id":"1591691225974004","name":"Kakut, pullat ja leivokset","slug":"pakasteet-1/leivonnais-ja-leipapakasteet/kakut-pullat-ja-leivokset","__typename":"HierarchyPathItem"},{"id":"Herkku_00000125","name":"Leivonnais- ja leipäpakasteet","slug":"pakasteet-1/leivonnais-ja-leipapakasteet","__typename":"HierarchyPathItem"},{"id":"Herkku_00000013","name":"Pakasteet","slug":"pakasteet-1","__typename":"HierarchyPathItem"}],"isGlobalFallback":null,"countryName":{"fi":"Ruotsi","__typename":"CountryName"}},{"id":"7310960713654","ean":"7310960713654","name":"Billys 170g Original Pan Pizza pakaste","price":2.19,"storeId":725782447,"__typename":"Product","approxPrice":false,"basicQuantityUnit":"KPL","comparisonPrice":12.88,"comparisonUnit":"KGM","consumerPackageSize":null,"consumerPackageUnit":null,"priceUnit":"KPL","quantityMultiplier":1,"brandName":"Billys","slug":"billys-170g-original-pan-pizza-pakaste","isAgeLimitedByAlcohol":false,"frozen":true,"packagingLabels":[],"packagingLabelCodes":[],"hierarchyPath":[{"id":"1591691225905856","name":"Pakastepizzat","slug":"pakasteet-1/pakastepizzat/pakastepizzat","__typename":"HierarchyPathItem"},{"id":"1591691225905854","name":"Pakastepizzat","slug":"pakasteet-1/pakastepizzat","__typename":"HierarchyPathItem"},{"id":"Herkku_00000013","name":"Pakasteet","slug":"pakasteet-1","__typename":"HierarchyPathItem"}],"isGlobalFallback":null,"countryName":{"fi":"Ruotsi","__typename":"CountryName"}},{"id":"7311070006209","ean":"7311070006209","name":"Pågen Gifflar Kanel pienet kanelipullat 300g","price":2.55,"storeId":725782447,"__typename":"Product","approxPrice":false,"basicQuantityUnit":"KPL","comparisonPrice":8.5,"comparisonUnit":"KGM","consumerPackageSize":null,"consumerPackageUnit":null,"priceUnit":"KPL","quantityMultiplier":1,"brandName":"Pågen","slug":"pagen-gifflar-kanel-pienet-kanelipullat-300g","isAgeLimitedByAlcohol":false,"frozen":false,"packagingLabels":[],"packagingLabelCodes":[],"hierarchyPath":[{"id":"Herkku_00000944","name":"Pullat","slug":"leivat-keksit-ja-leivonnaiset-1/leivonnaiset/pullat","__typename":"HierarchyPathItem"},{"id":"Herkku_00000152","name":"Leivonnaiset","slug":"leivat-keksit-ja-leivonnaiset-1/leivonnaiset","__typename":"HierarchyPathItem"},{"id":"Herkku_00000008","name":"Leivät, keksit ja leivonnaiset","slug":"leivat-keksit-ja-leivonnaiset-1","__typename":"HierarchyPathItem"}],"isGlobalFallback":null,"countryName":{"fi":"Ruotsi","__typename":"CountryName"}},{"id":"7311070373127","ean":"7311070373127","name":"Pågen Crémetäytemuffinsi sitruuna täytemuffinsit 280g 8kpl","price":3.99,"storeId":725782447,"__typename":"Product","approxPrice":false,"basicQuantityUnit":"KPL","comparisonPrice":14.25,"comparisonUnit":"KGM","consumerPackageSize":null,"consumerPackageUnit":null,"priceUnit":"KPL","quantityMultiplier":1,"brandName":"Pågen","slug":"pagen-cremetaytemuffinsi-sitruuna-taytemuffinsit-280g-8kpl","isAgeLimitedByAlcohol":false,"frozen":false,"packagingLabels":[],"packagingLabelCodes":[],"hierarchyPath":[{"id":"Herkku_00000937","name":"Muffinsit","slug":"leivat-keksit-ja-leivonnaiset-1/leivonnaiset/muffinsit","__typename":"HierarchyPathItem"},{"id":"Herkku_00000152","name":"Leivonnaiset","slug":"leivat-keksit-ja-leivonnaiset-1/leivonnaiset","__typename":"HierarchyPathItem"},{"id":"Herkku_00000008","name":"Leivät, keksit ja leivonnaiset","slug":"leivat-keksit-ja-leivonnaiset-1","__typename":"HierarchyPathItem"}],"isGlobalFallback":null,"countryName":{"fi":"Ruotsi","__typename":"CountryName"}},{"id":"7311171007006","ean":"7311171007006","name":"Abba MSC tonnikalaa öljyssä 200/150g","price":3.55,"storeId":725782447,"__typename":"Product","approxPrice":false,"basicQuantityUnit":"KPL","comparisonPrice":23.67,"comparisonUnit":"KGM","consumerPackageSize":null,"consumerPackageUnit":null,"priceUnit":"KPL","quantityMultiplier":1,"brandName":"Abba","slug":"abba-msc-tonnikalaa-oljyssa-200150g","isAgeLimitedByAlcohol":false,"frozen":false,"packagingLabels":["MSC (Marine Stewardship Council)"," Nyckelhalet"],"packagingLabelCodes":["MARINE_STEWARDSHIP_COUNCIL_LABEL"," NYCKELHALET"],"hierarchyPath":[{"id":"Herkku_00000352","name":"Kala- ja äyriäissäilykkeet","slug":"kuivatuotteet-ja-leivonta-1/sailykkeet/kala-ja-ayriaissailykkeet","__typename":"HierarchyPathItem"},{"id":"Herkku_00000063","name":"Säilykkeet","slug":"kuivatuotteet-ja-leivonta-1/sailykkeet","__typename":"HierarchyPathItem"},{"id":"Herkku_00000007","name":"Kuivatuotteet ja leivonta","slug":"kuivatuotteet-ja-leivonta-1","__typename":"HierarchyPathItem"}],"isGlobalFallback":null,"countryName":{"fi":"Thaimaa","__typename":"CountryName"}},{"id":"7311171007013","ean":"7311171007013","name":"Abba MSC tonnikalaa vedessä 200/150g","price":3.55,"storeId":725782447,"__typename":"Product","approxPrice":false,"basicQuantityUnit":"KPL","comparisonPrice":23.67,"comparisonUnit":"KGM","consumerPackageSize":null,"consumerPackageUnit":null,"priceUnit":"KPL","quantityMultiplier":1,"brandName":"Abba","slug":"abba-msc-tonnikalaa-vedessa-200150g","isAgeLimitedByAlcohol":false,"frozen":false,"packagingLabels":["MSC (Marine Stewardship Council)"," Nyckelhalet"],"packagingLabelCodes":["MARINE_STEWARDSHIP_COUNCIL_LABEL"," NYCKELHALET"],"hierarchyPath":[{"id":"Herkku_00000352","name":"Kala- ja äyriäissäilykkeet","slug":"kuivatuotteet-ja-leivonta-1/sailykkeet/kala-ja-ayriaissailykkeet","__typename":"HierarchyPathItem"},{"id":"Herkku_00000063","name":"Säilykkeet","slug":"kuivatuotteet-ja-leivonta-1/sailykkeet","__typename":"HierarchyPathItem"},{"id":"Herkku_00000007","name":"Kuivatuotteet ja leivonta","slug":"kuivatuotteet-ja-leivonta-1","__typename":"HierarchyPathItem"}],"isGlobalFallback":null,"countryName":{"fi":"Thaimaa","__typename":"CountryName"}},{"id":"7311310031015","ean":"7311310031015","name":"Santa Maria Taco Spice Mix mausteseos jauhelihalle 28 g","price":1.25,"storeId":725782447,"__typename":"Product","approxPrice":false,"basicQuantityUnit":"KPL","comparisonPrice":44.64,"comparisonUnit":"KGM","consumerPackageSize":null,"consumerPackageUnit":null,"priceUnit":"KPL","quantityMultiplier":1,"brandName":"Santa Maria","slug":"santa-maria-taco-spice-mix-mausteseos-jauhelihalle-28-g","isAgeLimitedByAlcohol":false,"frozen":false,"packagingLabels":["Green Dot"," Kierrätysmerkki"],"packagingLabelCodes":["GREEN_DOT"," RECYCLABLE_GENERAL_CLAIM"],"hierarchyPath":[{"id":"Herkku_00000462","name":"Tex-mex mausteet","slug":"oljyt-mausteet-maustaminen-1/tex-mex/tex-mex-mausteet","__typename":"HierarchyPathItem"},{"id":"StructureGroup_198285814629","name":"Tex mex","slug":"oljyt-mausteet-maustaminen-1/tex-mex","__typename":"HierarchyPathItem"},{"id":"Herkku_00000011","name":"Öljyt, mausteet, maustaminen","slug":"oljyt-mausteet-maustaminen-1","__typename":"HierarchyPathItem"}],"isGlobalFallback":null,"countryName":{"fi":"Ruotsi","__typename":"CountryName"}},{"id":"7311310031039","ean":"7311310031039","name":"Santa Maria Taco Spice Mix mausteseos jauhelihalle 3 kpl, 3 x 28 g","price":3.09,"storeId":725782447,"__typename":"Product","approxPrice":false,"basicQuantityUnit":"KPL","comparisonPrice":36.79,"comparisonUnit":"KGM","consumerPackageSize":null,"consumerPackageUnit":null,"priceUnit":"KPL","quantityMultiplier":1,"brandName":"Santa Maria","slug":"santa-maria-taco-spice-mix-mausteseos-jauhelihalle-3-kpl-3-x-28-g","isAgeLimitedByAlcohol":false,"frozen":false,"packagingLabels":["Green Dot"," Kierrätysmerkki"],"packagingLabelCodes":["GREEN_DOT"," RECYCLABLE_GENERAL_CLAIM"],"hierarchyPath":[{"id":"Herkku_00000462","name":"Tex-mex mausteet","slug":"oljyt-mausteet-maustaminen-1/tex-mex/tex-mex-mausteet","__typename":"HierarchyPathItem"},{"id":"StructureGroup_198285814629","name":"Tex mex","slug":"oljyt-mausteet-maustaminen-1/tex-mex","__typename":"HierarchyPathItem"},{"id":"Herkku_00000011","name":"Öljyt, mausteet, maustaminen","slug":"oljyt-mausteet-maustaminen-1","__typename":"HierarchyPathItem"}],"isGlobalFallback":null,"countryName":{"fi":"Ruotsi","__typename":"CountryName"}},{"id":"7311310031329","ean":"7311310031329","name":"Santa Maria Taco Spice Mix Hot Cayenne tulinen mausteseos 28 g","price":1.25,"storeId":725782447,"__typename":"Product","approxPrice":false,"basicQuantityUnit":"KPL","comparisonPrice":44.64,"comparisonUnit":"KGM","consumerPackageSize":null,"consumerPackageUnit":null,"priceUnit":"KPL","quantityMultiplier":1,"brandName":"Santa Maria","slug":"santa-maria-taco-spice-mix-hot-cayenne-tulinen-mausteseos-28-g","isAgeLimitedByAlcohol":false,"frozen":false,"packagingLabels":["Green Dot"," Kierrätysmerkki"],"packagingLabelCodes":["GREEN_DOT"," RECYCLABLE_GENERAL_CLAIM"],"hierarchyPath":[{"id":"Herkku_00000462","name":"Tex-mex mausteet","slug":"oljyt-mausteet-maustaminen-1/tex-mex/tex-mex-mausteet","__typename":"HierarchyPathItem"},{"id":"StructureGroup_198285814629","name":"Tex mex","slug":"oljyt-mausteet-maustaminen-1/tex-mex","__typename":"HierarchyPathItem"},{"id":"Herkku_00000011","name":"Öljyt, mausteet, maustaminen","slug":"oljyt-mausteet-maustaminen-1","__typename":"HierarchyPathItem"}],"isGlobalFallback":null,"countryName":{"fi":"Ruotsi","__typename":"CountryName"}},{"id":"7311310031367","ean":"7311310031367","name":"Santa Maria Fajita Spice Mix Original mausteseos kanalle 28 g","price":1.25,"storeId":725782447,"__typename":"Product","approxPrice":false,"basicQuantityUnit":"KPL","comparisonPrice":44.64,"comparisonUnit":"KGM","consumerPackageSize":null,"consumerPackageUnit":null,"priceUnit":"KPL","quantityMultiplier":1,"brandName":"Santa Maria","slug":"santa-maria-fajita-spice-mix-original-mausteseos-kanalle-28-g","isAgeLimitedByAlcohol":false,"frozen":false,"packagingLabels":["Green Dot"," Kierrätysmerkki"],"packagingLabelCodes":["GREEN_DOT"," RECYCLABLE_GENERAL_CLAIM"],"hierarchyPath":[{"id":"Herkku_00000462","name":"Tex-mex mausteet","slug":"oljyt-mausteet-maustaminen-1/tex-mex/tex-mex-mausteet","__typename":"HierarchyPathItem"},{"id":"StructureGroup_198285814629","name":"Tex mex","slug":"oljyt-mausteet-maustaminen-1/tex-mex","__typename":"HierarchyPathItem"},{"id":"Herkku_00000011","name":"Öljyt, mausteet, maustaminen","slug":"oljyt-mausteet-maustaminen-1","__typename":"HierarchyPathItem"}],"isGlobalFallback":null,"countryName":{"fi":"Ruotsi","__typename":"CountryName"}},{"id":"7311310031428","ean":"7311310031428","name":"Santa Maria Crispy Chicken Spice Mix Mausteseos kanalle 50 g","price":1.55,"storeId":725782447,"__typename":"Product","approxPrice":false,"basicQuantityUnit":"KPL","comparisonPrice":31,"comparisonUnit":"KGM","consumerPackageSize":null,"consumerPackageUnit":null,"priceUnit":"KPL","quantityMultiplier":1,"brandName":"Santa Maria","slug":"santa-maria-crispy-chicken-spice-mix-mausteseos-kanalle-50-g","isAgeLimitedByAlcohol":false,"frozen":false,"packagingLabels":["Green Dot"," Kierrätysmerkki"],"packagingLabelCodes":["GREEN_DOT"," RECYCLABLE_GENERAL_CLAIM"],"hierarchyPath":[{"id":"Herkku_00000462","name":"Tex-mex mausteet","slug":"oljyt-mausteet-maustaminen-1/tex-mex/tex-mex-mausteet","__typename":"HierarchyPathItem"},{"id":"StructureGroup_198285814629","name":"Tex mex","slug":"oljyt-mausteet-maustaminen-1/tex-mex","__typename":"HierarchyPathItem"},{"id":"Herkku_00000011","name":"Öljyt, mausteet, maustaminen","slug":"oljyt-mausteet-maustaminen-1","__typename":"HierarchyPathItem"}],"isGlobalFallback":null,"countryName":{"fi":"Ruotsi","__typename":"CountryName"}},{"id":"7311310032012","ean":"7311310032012","name":"Santa Maria Tortilla Chips Salted suolatut maissilastut 185 g","price":1.85,"storeId":725782447,"__typename":"Product","approxPrice":false,"basicQuantityUnit":"KPL","comparisonPrice":10,"comparisonUnit":"KGM","consumerPackageSize":null,"consumerPackageUnit":null,"priceUnit":"KPL","quantityMultiplier":1,"brandName":"Santa Maria","slug":"santa-maria-tortilla-chips-salted-suolatut-maissilastut-185-g","isAgeLimitedByAlcohol":false,"frozen":false,"packagingLabels":["Green Dot"," Society of the Plastics Industry (SPI)"],"packagingLabelCodes":["GREEN_DOT"," SOCIETY_PLASTICS_INDUSTRY"],"hierarchyPath":[{"id":"Herkku_00000465","name":"Lastut","slug":"oljyt-mausteet-maustaminen-1/tex-mex/lastut","__typename":"HierarchyPathItem"},{"id":"StructureGroup_198285814629","name":"Tex mex","slug":"oljyt-mausteet-maustaminen-1/tex-mex","__typename":"HierarchyPathItem"},{"id":"Herkku_00000011","name":"Öljyt, mausteet, maustaminen","slug":"oljyt-mausteet-maustaminen-1","__typename":"HierarchyPathItem"}],"isGlobalFallback":null,"countryName":{"fi":"Belgia","__typename":"CountryName"}},{"id":"7311310032104","ean":"7311310032104","name":"Santa Maria Tortilla Chips Salted suolatut maissilastut 475 g","price":3.75,"storeId":725782447,"__typename":"Product","approxPrice":false,"basicQuantityUnit":"KPL","comparisonPrice":7.89,"comparisonUnit":"KGM","consumerPackageSize":null,"consumerPackageUnit":null,"priceUnit":"KPL","quantityMultiplier":1,"brandName":"Santa Maria","slug":"santa-maria-tortilla-chips-salted-suolatut-maissilastut-475-g","isAgeLimitedByAlcohol":false,"frozen":false,"packagingLabels":["Green Dot"," Society of the Plastics Industry (SPI)"],"packagingLabelCodes":["GREEN_DOT"," SOCIETY_PLASTICS_INDUSTRY"],"hierarchyPath":[{"id":"Herkku_00000465","name":"Lastut","slug":"oljyt-mausteet-maustaminen-1/tex-mex/lastut","__typename":"HierarchyPathItem"},{"id":"StructureGroup_198285814629","name":"Tex mex","slug":"oljyt-mausteet-maustaminen-1/tex-mex","__typename":"HierarchyPathItem"},{"id":"Herkku_00000011","name":"Öljyt, mausteet, maustaminen","slug":"oljyt-mausteet-maustaminen-1","__typename":"HierarchyPathItem"}],"isGlobalFallback":null,"countryName":{"fi":"Belgia","__typename":"CountryName"}},{"id":"7311310032128","ean":"7311310032128","name":"Santa Maria Nacho Chips maissilastut","price":3.75,"storeId":725782447,"__typename":"Product","approxPrice":false,"basicQuantityUnit":"KPL","comparisonPrice":7.89,"comparisonUnit":"KGM","consumerPackageSize":null,"consumerPackageUnit":null,"priceUnit":"KPL","quantityMultiplier":1,"brandName":"Santa Maria","slug":"santa-maria-nacho-chips-maissilastut","isAgeLimitedByAlcohol":false,"frozen":false,"packagingLabels":["Green Dot"," Society of the Plastics Industry (SPI)"],"packagingLabelCodes":["GREEN_DOT"," SOCIETY_PLASTICS_INDUSTRY"],"hierarchyPath":[{"id":"Herkku_00000465","name":"Lastut","slug":"oljyt-mausteet-maustaminen-1/tex-mex/lastut","__typename":"HierarchyPathItem"},{"id":"StructureGroup_198285814629","name":"Tex mex","slug":"oljyt-mausteet-maustaminen-1/tex-mex","__typename":"HierarchyPathItem"},{"id":"Herkku_00000011","name":"Öljyt, mausteet, maustaminen","slug":"oljyt-mausteet-maustaminen-1","__typename":"HierarchyPathItem"}],"isGlobalFallback":null,"countryName":{"fi":"Belgia","__typename":"CountryName"}},{"id":"7311310035280","ean":"7311310035280","name":"Santa Maria Kalakastike 200 ml","price":2.25,"storeId":725782447,"__typename":"Product","approxPrice":false,"basicQuantityUnit":"KPL","comparisonPrice":11.25,"comparisonUnit":"LTR","consumerPackageSize":null,"consumerPackageUnit":null,"priceUnit":"KPL","quantityMultiplier":1,"brandName":"Santa Maria","slug":"santa-maria-kalakastike-200-ml","isAgeLimitedByAlcohol":false,"frozen":false,"packagingLabels":[],"packagingLabelCodes":[],"hierarchyPath":[{"id":"Herkku_00000430","name":"Kala- ja osterikastikkeet","slug":"oljyt-mausteet-maustaminen-1/maustekastikkeet-ja-tahnat/kala-ja-osterikastikkeet","__typename":"HierarchyPathItem"},{"id":"Herkku_00000078","name":"Maustekastikkeet ja tahnat","slug":"oljyt-mausteet-maustaminen-1/maustekastikkeet-ja-tahnat","__typename":"HierarchyPathItem"},{"id":"Herkku_00000011","name":"Öljyt, mausteet, maustaminen","slug":"oljyt-mausteet-maustaminen-1","__typename":"HierarchyPathItem"}],"isGlobalFallback":null,"countryName":{"fi":"Thaimaa","__typename":"CountryName"}},{"id":"7311310038342","ean":"7311310038342","name":"Santa Maria Dip Texmex Style dippikastike 250 g","price":3.19,"storeId":725782447,"__typename":"Product","approxPrice":false,"basicQuantityUnit":"KPL","comparisonPrice":12.76,"comparisonUnit":"KGM","consumerPackageSize":null,"consumerPackageUnit":null,"priceUnit":"KPL","quantityMultiplier":1,"brandName":"Santa Maria","slug":"santa-maria-dip-texmex-style-dippikastike-250-g","isAgeLimitedByAlcohol":false,"frozen":false,"packagingLabels":["Green Dot"," Kierrätysmerkki"],"packagingLabelCodes":["GREEN_DOT"," RECYCLABLE_GENERAL_CLAIM"],"hierarchyPath":[{"id":"Herkku_00000466","name":"Tex-mex kastikkeet","slug":"oljyt-mausteet-maustaminen-1/tex-mex/tex-mex-kastikkeet","__typename":"HierarchyPathItem"},{"id":"StructureGroup_198285814629","name":"Tex mex","slug":"oljyt-mausteet-maustaminen-1/tex-mex","__typename":"HierarchyPathItem"},{"id":"Herkku_00000011","name":"Öljyt, mausteet, maustaminen","slug":"oljyt-mausteet-maustaminen-1","__typename":"HierarchyPathItem"}],"isGlobalFallback":null,"countryName":{"fi":"Yhdysvallat","__typename":"CountryName"}},{"id":"7311311004933","ean":"7311311004933","name":"Santa Maria Kaneli kokonainen, pussi 22g","price":2.15,"storeId":725782447,"__typename":"Product","approxPrice":false,"basicQuantityUnit":"KPL","comparisonPrice":97.73,"comparisonUnit":"KGM","consumerPackageSize":null,"consumerPackageUnit":null,"priceUnit":"KPL","quantityMultiplier":1,"brandName":"Santa Maria","slug":"santa-maria-kaneli-kokonainen-pussi-22g","isAgeLimitedByAlcohol":false,"frozen":false,"packagingLabels":["Green Dot"," Kierrätysmerkki"],"packagingLabelCodes":["GREEN_DOT"," RECYCLABLE_GENERAL_CLAIM"],"hierarchyPath":[{"id":"Herkku_00000414","name":"Leivontamausteet","slug":"oljyt-mausteet-maustaminen-1/mausteet/leivontamausteet","__typename":"HierarchyPathItem"},{"id":"Herkku_00000075","name":"Mausteet","slug":"oljyt-mausteet-maustaminen-1/mausteet","__typename":"HierarchyPathItem"},{"id":"Herkku_00000011","name":"Öljyt, mausteet, maustaminen","slug":"oljyt-mausteet-maustaminen-1","__typename":"HierarchyPathItem"}],"isGlobalFallback":null,"countryName":{"fi":"Indonesia","__typename":"CountryName"}},{"id":"7311311004940","ean":"7311311004940","name":"Santa Maria Laakerinlehti, pussi 4g","price":1.09,"storeId":725782447,"__typename":"Product","approxPrice":false,"basicQuantityUnit":"KPL","comparisonPrice":272.5,"comparisonUnit":"KGM","consumerPackageSize":null,"consumerPackageUnit":null,"priceUnit":"KPL","quantityMultiplier":1,"brandName":"Santa Maria","slug":"santa-maria-laakerinlehti-pussi-4g","isAgeLimitedByAlcohol":false,"frozen":false,"packagingLabels":["Green Dot"," Kierrätysmerkki"],"packagingLabelCodes":["GREEN_DOT"," RECYCLABLE_GENERAL_CLAIM"],"hierarchyPath":[{"id":"Herkku_00000413","name":"Yrttimausteet","slug":"oljyt-mausteet-maustaminen-1/mausteet/yrttimausteet","__typename":"HierarchyPathItem"},{"id":"Herkku_00000075","name":"Mausteet","slug":"oljyt-mausteet-maustaminen-1/mausteet","__typename":"HierarchyPathItem"},{"id":"Herkku_00000011","name":"Öljyt, mausteet, maustaminen","slug":"oljyt-mausteet-maustaminen-1","__typename":"HierarchyPathItem"}],"isGlobalFallback":null,"countryName":{"fi":"Turkki","__typename":"CountryName"}},{"id":"7311311013201","ean":"7311311013201","name":"Santa Maria Chicken Taco Spice Mix mausteseos kanalle 28 g","price":1.25,"storeId":725782447,"__typename":"Product","approxPrice":false,"basicQuantityUnit":"KPL","comparisonPrice":44.64,"comparisonUnit":"KGM","consumerPackageSize":null,"consumerPackageUnit":null,"priceUnit":"KPL","quantityMultiplier":1,"brandName":"Santa Maria","slug":"santa-maria-chicken-taco-spice-mix-mausteseos-kanalle-28-g","isAgeLimitedByAlcohol":false,"frozen":false,"packagingLabels":["Green Dot"," Kierrätysmerkki"],"packagingLabelCodes":["GREEN_DOT"," RECYCLABLE_GENERAL_CLAIM"],"hierarchyPath":[{"id":"Herkku_00000462","name":"Tex-mex mausteet","slug":"oljyt-mausteet-maustaminen-1/tex-mex/tex-mex-mausteet","__typename":"HierarchyPathItem"},{"id":"StructureGroup_198285814629","name":"Tex mex","slug":"oljyt-mausteet-maustaminen-1/tex-mex","__typename":"HierarchyPathItem"},{"id":"Herkku_00000011","name":"Öljyt, mausteet, maustaminen","slug":"oljyt-mausteet-maustaminen-1","__typename":"HierarchyPathItem"}],"isGlobalFallback":null,"countryName":{"fi":"Ruotsi","__typename":"CountryName"}},{"id":"7311311020599","ean":"7311311020599","name":"Santa Maria 320G Tex Mex Tortilla Original Medium 8-pack","price":2.09,"storeId":725782447,"__typename":"Product","approxPrice":false,"basicQuantityUnit":"KPL","comparisonPrice":6.53,"comparisonUnit":"KGM","consumerPackageSize":null,"consumerPackageUnit":null,"priceUnit":"KPL","quantityMultiplier":1,"brandName":"Santa Maria","slug":"santa-maria-320g-tex-mex-tortilla-original-medium-8-pack","isAgeLimitedByAlcohol":false,"frozen":false,"packagingLabels":["Green Dot"," Kierrätysmerkki"],"packagingLabelCodes":["GREEN_DOT"," RECYCLABLE_GENERAL_CLAIM"],"hierarchyPath":[{"id":"Herkku_00000464","name":"Kuoret, tortillat ja dinnerit","slug":"oljyt-mausteet-maustaminen-1/tex-mex/kuoret-tortillat-ja-dinnerit","__typename":"HierarchyPathItem"},{"id":"StructureGroup_198285814629","name":"Tex mex","slug":"oljyt-mausteet-maustaminen-1/tex-mex","__typename":"HierarchyPathItem"},{"id":"Herkku_00000011","name":"Öljyt, mausteet, maustaminen","slug":"oljyt-mausteet-maustaminen-1","__typename":"HierarchyPathItem"}],"isGlobalFallback":null,"countryName":null},{"id":"7311311020636","ean":"7311311020636","name":"Santa Maria Tortilla Whole Wheat Medium täysjyvätortilla 8 kpl 320 g","price":3.15,"storeId":725782447,"__typename":"Product","approxPrice":false,"basicQuantityUnit":"KPL","comparisonPrice":9.84,"comparisonUnit":"KGM","consumerPackageSize":null,"consumerPackageUnit":null,"priceUnit":"KPL","quantityMultiplier":1,"brandName":"Santa Maria","slug":"santa-maria-tortilla-whole-wheat-medium-taysjyvatortilla-8-kpl-320-g","isAgeLimitedByAlcohol":false,"frozen":false,"packagingLabels":["FSC mix (Forest Stewardship Council)"," Green Dot"," Kierrätysmerkki"],"packagingLabelCodes":["FOREST_STEWARDSHIP_COUNCIL_MIX"," GREEN_DOT"," RECYCLABLE_GENERAL_CLAIM"],"hierarchyPath":[{"id":"Herkku_00000464","name":"Kuoret, tortillat ja dinnerit","slug":"oljyt-mausteet-maustaminen-1/tex-mex/kuoret-tortillat-ja-dinnerit","__typename":"HierarchyPathItem"},{"id":"StructureGroup_198285814629","name":"Tex mex","slug":"oljyt-mausteet-maustaminen-1/tex-mex","__typename":"HierarchyPathItem"},{"id":"Herkku_00000011","name":"Öljyt, mausteet, maustaminen","slug":"oljyt-mausteet-maustaminen-1","__typename":"HierarchyPathItem"}],"isGlobalFallback":null,"countryName":{"fi":"Ruotsi","__typename":"CountryName"}},{"id":"7311311021169","ean":"7311311021169","name":"Santa Maria Tortilla Original Large vehnätortilla 6 kpl 371 g","price":2.59,"storeId":725782447,"__typename":"Product","approxPrice":false,"basicQuantityUnit":"KPL","comparisonPrice":6.98,"comparisonUnit":"KGM","consumerPackageSize":null,"consumerPackageUnit":null,"priceUnit":"KPL","quantityMultiplier":1,"brandName":"Santa Maria","slug":"santa-maria-tortilla-original-large-vehnatortilla-6-kpl-371-g","isAgeLimitedByAlcohol":false,"frozen":false,"packagingLabels":["FSC mix (Forest Stewardship Council)"," Green Dot"," Kierrätysmerkki"],"packagingLabelCodes":["FOREST_STEWARDSHIP_COUNCIL_MIX"," GREEN_DOT"," RECYCLABLE_GENERAL_CLAIM"],"hierarchyPath":[{"id":"Herkku_00000464","name":"Kuoret, tortillat ja dinnerit","slug":"oljyt-mausteet-maustaminen-1/tex-mex/kuoret-tortillat-ja-dinnerit","__typename":"HierarchyPathItem"},{"id":"StructureGroup_198285814629","name":"Tex mex","slug":"oljyt-mausteet-maustaminen-1/tex-mex","__typename":"HierarchyPathItem"},{"id":"Herkku_00000011","name":"Öljyt, mausteet, maustaminen","slug":"oljyt-mausteet-maustaminen-1","__typename":"HierarchyPathItem"}],"isGlobalFallback":null,"countryName":null},{"id":"7311311021183","ean":"7311311021183","name":"Santa Maria Tortilla Original Large vehnätortilla 12 kpl, 742 g","price":4.99,"storeId":725782447,"__typename":"Product","approxPrice":false,"basicQuantityUnit":"KPL","comparisonPrice":6.73,"comparisonUnit":"KGM","consumerPackageSize":null,"consumerPackageUnit":null,"priceUnit":"KPL","quantityMultiplier":1,"brandName":"Santa Maria","slug":"santa-maria-tortilla-original-large-vehnatortilla-12-kpl-742-g","isAgeLimitedByAlcohol":false,"frozen":false,"packagingLabels":["FSC 100 percent (Forest Stewardship Council)"," Green Dot"," Kierrätysmerkki"],"packagingLabelCodes":["FOREST_STEWARDSHIP_COUNCIL_100_PERCENT"," GREEN_DOT"," RECYCLABLE_GENERAL_CLAIM"],"hierarchyPath":[{"id":"Herkku_00000464","name":"Kuoret, tortillat ja dinnerit","slug":"oljyt-mausteet-maustaminen-1/tex-mex/kuoret-tortillat-ja-dinnerit","__typename":"HierarchyPathItem"},{"id":"StructureGroup_198285814629","name":"Tex mex","slug":"oljyt-mausteet-maustaminen-1/tex-mex","__typename":"HierarchyPathItem"},{"id":"Herkku_00000011","name":"Öljyt, mausteet, maustaminen","slug":"oljyt-mausteet-maustaminen-1","__typename":"HierarchyPathItem"}],"isGlobalFallback":null,"countryName":{"fi":"Ruotsi","__typename":"CountryName"}},{"id":"7311312000835","ean":"7311312000835","name":"Santa Maria 230G Organic Taco Sauce Medium","price":3.65,"storeId":725782447,"__typename":"Product","approxPrice":false,"basicQuantityUnit":"KPL","comparisonPrice":15.87,"comparisonUnit":"KGM","consumerPackageSize":null,"consumerPackageUnit":null,"priceUnit":"KPL","quantityMultiplier":1,"brandName":"Santa Maria","slug":"santa-maria-230g-organic-taco-sauce-medium","isAgeLimitedByAlcohol":false,"frozen":false,"packagingLabels":["EU:n luomutunnus (lehti)"," Green Dot"," Kierrätysmerkki"],"packagingLabelCodes":["EU_ORGANIC_FARMING"," GREEN_DOT"," RECYCLABLE_GENERAL_CLAIM"],"hierarchyPath":[{"id":"Herkku_00000466","name":"Tex-mex kastikkeet","slug":"oljyt-mausteet-maustaminen-1/tex-mex/tex-mex-kastikkeet","__typename":"HierarchyPathItem"},{"id":"StructureGroup_198285814629","name":"Tex mex","slug":"oljyt-mausteet-maustaminen-1/tex-mex","__typename":"HierarchyPathItem"},{"id":"Herkku_00000011","name":"Öljyt, mausteet, maustaminen","slug":"oljyt-mausteet-maustaminen-1","__typename":"HierarchyPathItem"}],"isGlobalFallback":null,"countryName":{"fi":"Ruotsi","__typename":"CountryName"}},{"id":"7311312000859","ean":"7311312000859","name":"Santa Maria 230G Chunky Salsa Mild","price":3.35,"storeId":725782447,"__typename":"Product","approxPrice":false,"basicQuantityUnit":"KPL","comparisonPrice":14.57,"comparisonUnit":"KGM","consumerPackageSize":null,"consumerPackageUnit":null,"priceUnit":"KPL","quantityMultiplier":1,"brandName":"Santa Maria","slug":"santa-maria-230g-chunky-salsa-mild","isAgeLimitedByAlcohol":false,"frozen":false,"packagingLabels":["Green Dot"," Kierrätysmerkki"],"packagingLabelCodes":["GREEN_DOT"," RECYCLABLE_GENERAL_CLAIM"],"hierarchyPath":[{"id":"Herkku_00000466","name":"Tex-mex kastikkeet","slug":"oljyt-mausteet-maustaminen-1/tex-mex/tex-mex-kastikkeet","__typename":"HierarchyPathItem"},{"id":"StructureGroup_198285814629","name":"Tex mex","slug":"oljyt-mausteet-maustaminen-1/tex-mex","__typename":"HierarchyPathItem"},{"id":"Herkku_00000011","name":"Öljyt, mausteet, maustaminen","slug":"oljyt-mausteet-maustaminen-1","__typename":"HierarchyPathItem"}],"isGlobalFallback":null,"countryName":{"fi":"Ruotsi","__typename":"CountryName"}},{"id":"7311312000873","ean":"7311312000873","name":"Santa Maria 230G Chunky Salsa Medium","price":3.35,"storeId":725782447,"__typename":"Product","approxPrice":false,"basicQuantityUnit":"KPL","comparisonPrice":14.57,"comparisonUnit":"KGM","consumerPackageSize":null,"consumerPackageUnit":null,"priceUnit":"KPL","quantityMultiplier":1,"brandName":"Santa Maria","slug":"santa-maria-230g-chunky-salsa-medium","isAgeLimitedByAlcohol":false,"frozen":false,"packagingLabels":["Green Dot"," Kierrätysmerkki"],"packagingLabelCodes":["GREEN_DOT"," RECYCLABLE_GENERAL_CLAIM"],"hierarchyPath":[{"id":"Herkku_00000466","name":"Tex-mex kastikkeet","slug":"oljyt-mausteet-maustaminen-1/tex-mex/tex-mex-kastikkeet","__typename":"HierarchyPathItem"},{"id":"StructureGroup_198285814629","name":"Tex mex","slug":"oljyt-mausteet-maustaminen-1/tex-mex","__typename":"HierarchyPathItem"},{"id":"Herkku_00000011","name":"Öljyt, mausteet, maustaminen","slug":"oljyt-mausteet-maustaminen-1","__typename":"HierarchyPathItem"}],"isGlobalFallback":null,"countryName":{"fi":"Ruotsi","__typename":"CountryName"}},{"id":"7311312000941","ean":"7311312000941","name":"Santa Maria 230G Pineapple Salsa","price":3.39,"storeId":725782447,"__typename":"Product","approxPrice":false,"basicQuantityUnit":"KPL","comparisonPrice":14.74,"comparisonUnit":"KGM","consumerPackageSize":null,"consumerPackageUnit":null,"priceUnit":"KPL","quantityMultiplier":1,"brandName":"Santa Maria","slug":"santa-maria-230g-pineapple-salsa","isAgeLimitedByAlcohol":false,"frozen":false,"packagingLabels":["Green Dot"," Kierrätysmerkki"],"packagingLabelCodes":["GREEN_DOT"," RECYCLABLE_GENERAL_CLAIM"],"hierarchyPath":[{"id":"Herkku_00000466","name":"Tex-mex kastikkeet","slug":"oljyt-mausteet-maustaminen-1/tex-mex/tex-mex-kastikkeet","__typename":"HierarchyPathItem"},{"id":"StructureGroup_198285814629","name":"Tex mex","slug":"oljyt-mausteet-maustaminen-1/tex-mex","__typename":"HierarchyPathItem"},{"id":"Herkku_00000011","name":"Öljyt, mausteet, maustaminen","slug":"oljyt-mausteet-maustaminen-1","__typename":"HierarchyPathItem"}],"isGlobalFallback":null,"countryName":{"fi":"Ruotsi","__typename":"CountryName"}},{"id":"7311312001573","ean":"7311312001573","name":"Santa Maria 350g Taco Sauce mild","price":3.25,"storeId":725782447,"__typename":"Product","approxPrice":false,"basicQuantityUnit":"KPL","comparisonPrice":9.29,"comparisonUnit":"KGM","consumerPackageSize":null,"consumerPackageUnit":null,"priceUnit":"KPL","quantityMultiplier":1,"brandName":"Santa Maria","slug":"santa-maria-350g-taco-sauce-mild","isAgeLimitedByAlcohol":false,"frozen":false,"packagingLabels":[],"packagingLabelCodes":[],"hierarchyPath":[{"id":"Herkku_00000466","name":"Tex-mex kastikkeet","slug":"oljyt-mausteet-maustaminen-1/tex-mex/tex-mex-kastikkeet","__typename":"HierarchyPathItem"},{"id":"StructureGroup_198285814629","name":"Tex mex","slug":"oljyt-mausteet-maustaminen-1/tex-mex","__typename":"HierarchyPathItem"},{"id":"Herkku_00000011","name":"Öljyt, mausteet, maustaminen","slug":"oljyt-mausteet-maustaminen-1","__typename":"HierarchyPathItem"}],"isGlobalFallback":null,"countryName":{"fi":"Ruotsi","__typename":"CountryName"}},{"id":"7311312001603","ean":"7311312001603","name":"Santa Maria 320g Taco Sauce medium","price":3.25,"storeId":725782447,"__typename":"Product","approxPrice":false,"basicQuantityUnit":"KPL","comparisonPrice":9.29,"comparisonUnit":"KGM","consumerPackageSize":null,"consumerPackageUnit":null,"priceUnit":"KPL","quantityMultiplier":1,"brandName":"Santa Maria","slug":"santa-maria-320g-taco-sauce-medium","isAgeLimitedByAlcohol":false,"frozen":false,"packagingLabels":[],"packagingLabelCodes":[],"hierarchyPath":[{"id":"Herkku_00000466","name":"Tex-mex kastikkeet","slug":"oljyt-mausteet-maustaminen-1/tex-mex/tex-mex-kastikkeet","__typename":"HierarchyPathItem"},{"id":"StructureGroup_198285814629","name":"Tex mex","slug":"oljyt-mausteet-maustaminen-1/tex-mex","__typename":"HierarchyPathItem"},{"id":"Herkku_00000011","name":"Öljyt, mausteet, maustaminen","slug":"oljyt-mausteet-maustaminen-1","__typename":"HierarchyPathItem"}],"isGlobalFallback":null,"countryName":{"fi":"Ruotsi","__typename":"CountryName"}},{"id":"7311312002075","ean":"7311312002075","name":"Santa Maria 230G Taco Sauce Mild","price":2.69,"storeId":725782447,"__typename":"Product","approxPrice":false,"basicQuantityUnit":"KPL","comparisonPrice":11.7,"comparisonUnit":"KGM","consumerPackageSize":null,"consumerPackageUnit":null,"priceUnit":"KPL","quantityMultiplier":1,"brandName":"Santa Maria","slug":"santa-maria-230g-taco-sauce-mild","isAgeLimitedByAlcohol":false,"frozen":false,"packagingLabels":[],"packagingLabelCodes":[],"hierarchyPath":[{"id":"Herkku_00000466","name":"Tex-mex kastikkeet","slug":"oljyt-mausteet-maustaminen-1/tex-mex/tex-mex-kastikkeet","__typename":"HierarchyPathItem"},{"id":"StructureGroup_198285814629","name":"Tex mex","slug":"oljyt-mausteet-maustaminen-1/tex-mex","__typename":"HierarchyPathItem"},{"id":"Herkku_00000011","name":"Öljyt, mausteet, maustaminen","slug":"oljyt-mausteet-maustaminen-1","__typename":"HierarchyPathItem"}],"isGlobalFallback":null,"countryName":{"fi":"Ruotsi","__typename":"CountryName"}},{"id":"7311312002112","ean":"7311312002112","name":"Santa Maria 230g Taco Sauce Medium","price":2.69,"storeId":725782447,"__typename":"Product","approxPrice":false,"basicQuantityUnit":"KPL","comparisonPrice":11.7,"comparisonUnit":"KGM","consumerPackageSize":null,"consumerPackageUnit":null,"priceUnit":"KPL","quantityMultiplier":1,"brandName":"Santa Maria","slug":"santa-maria-230g-taco-sauce-medium","isAgeLimitedByAlcohol":false,"frozen":false,"packagingLabels":[],"packagingLabelCodes":[],"hierarchyPath":[{"id":"Herkku_00000466","name":"Tex-mex kastikkeet","slug":"oljyt-mausteet-maustaminen-1/tex-mex/tex-mex-kastikkeet","__typename":"HierarchyPathItem"},{"id":"StructureGroup_198285814629","name":"Tex mex","slug":"oljyt-mausteet-maustaminen-1/tex-mex","__typename":"HierarchyPathItem"},{"id":"Herkku_00000011","name":"Öljyt, mausteet, maustaminen","slug":"oljyt-mausteet-maustaminen-1","__typename":"HierarchyPathItem"}],"isGlobalFallback":null,"countryName":{"fi":"Ruotsi","__typename":"CountryName"}},{"id":"7311312002143","ean":"7311312002143","name":"Santa Maria Tacokastike Hot 230 g","price":2.69,"storeId":725782447,"__typename":"Product","approxPrice":false,"basicQuantityUnit":"KPL","comparisonPrice":11.7,"comparisonUnit":"KGM","consumerPackageSize":null,"consumerPackageUnit":null,"priceUnit":"KPL","quantityMultiplier":1,"brandName":"Santa Maria","slug":"santa-maria-tacokastike-hot-230-g","isAgeLimitedByAlcohol":false,"frozen":false,"packagingLabels":[],"packagingLabelCodes":[],"hierarchyPath":[{"id":"Herkku_00000466","name":"Tex-mex kastikkeet","slug":"oljyt-mausteet-maustaminen-1/tex-mex/tex-mex-kastikkeet","__typename":"HierarchyPathItem"},{"id":"StructureGroup_198285814629","name":"Tex mex","slug":"oljyt-mausteet-maustaminen-1/tex-mex","__typename":"HierarchyPathItem"},{"id":"Herkku_00000011","name":"Öljyt, mausteet, maustaminen","slug":"oljyt-mausteet-maustaminen-1","__typename":"HierarchyPathItem"}],"isGlobalFallback":null,"countryName":{"fi":"Ruotsi","__typename":"CountryName"}},{"id":"7311312002341","ean":"7311312002341","name":"Santa Maria Salsa Dip Medium texmex-dippikastike 250 g","price":2.55,"storeId":725782447,"__typename":"Product","approxPrice":false,"basicQuantityUnit":"KPL","comparisonPrice":10.2,"comparisonUnit":"KGM","consumerPackageSize":null,"consumerPackageUnit":null,"priceUnit":"KPL","quantityMultiplier":1,"brandName":"Santa Maria","slug":"santa-maria-salsa-dip-medium-texmex-dippikastike-250-g","isAgeLimitedByAlcohol":false,"frozen":false,"packagingLabels":["Green Dot"," Kierrätysmerkki"],"packagingLabelCodes":["GREEN_DOT"," RECYCLABLE_GENERAL_CLAIM"],"hierarchyPath":[{"id":"Herkku_00000466","name":"Tex-mex kastikkeet","slug":"oljyt-mausteet-maustaminen-1/tex-mex/tex-mex-kastikkeet","__typename":"HierarchyPathItem"},{"id":"StructureGroup_198285814629","name":"Tex mex","slug":"oljyt-mausteet-maustaminen-1/tex-mex","__typename":"HierarchyPathItem"},{"id":"Herkku_00000011","name":"Öljyt, mausteet, maustaminen","slug":"oljyt-mausteet-maustaminen-1","__typename":"HierarchyPathItem"}],"isGlobalFallback":null,"countryName":{"fi":"Belgia","__typename":"CountryName"}},{"id":"7311312005489","ean":"7311312005489","name":"Santa Maria Kookoskerma 250 ml","price":2.05,"storeId":725782447,"__typename":"Product","approxPrice":false,"basicQuantityUnit":"KPL","comparisonPrice":8.2,"comparisonUnit":"LTR","consumerPackageSize":null,"consumerPackageUnit":null,"priceUnit":"KPL","quantityMultiplier":1,"brandName":"Santa Maria","slug":"santa-maria-kookoskerma-250-ml","isAgeLimitedByAlcohol":false,"frozen":false,"packagingLabels":[],"packagingLabelCodes":[],"hierarchyPath":[{"id":"Herkku_00000359","name":"Maitosäilykkeet","slug":"kuivatuotteet-ja-leivonta-1/sailykkeet/maitosailykkeet","__typename":"HierarchyPathItem"},{"id":"Herkku_00000063","name":"Säilykkeet","slug":"kuivatuotteet-ja-leivonta-1/sailykkeet","__typename":"HierarchyPathItem"},{"id":"Herkku_00000007","name":"Kuivatuotteet ja leivonta","slug":"kuivatuotteet-ja-leivonta-1","__typename":"HierarchyPathItem"}],"isGlobalFallback":null,"countryName":null},{"id":"7311312006042","ean":"7311312006042","name":"Santa Maria BBQ Sauce Original BBQ-kastike 355g","price":3.35,"storeId":725782447,"__typename":"Product","approxPrice":false,"basicQuantityUnit":"KPL","comparisonPrice":9.44,"comparisonUnit":"KGM","consumerPackageSize":null,"consumerPackageUnit":null,"priceUnit":"KPL","quantityMultiplier":1,"brandName":"Santa Maria","slug":"santa-maria-bbq-sauce-original-bbq-kastike-355g","isAgeLimitedByAlcohol":false,"frozen":false,"packagingLabels":["Green Dot"," Kierrätysmerkki"],"packagingLabelCodes":["GREEN_DOT"," RECYCLABLE_GENERAL_CLAIM"],"hierarchyPath":[{"id":"Herkku_00000423","name":"Grillaus- ja marinointikastikkeet","slug":"oljyt-mausteet-maustaminen-1/maustekastikkeet-ja-tahnat/grillaus-ja-marinointikastikkeet","__typename":"HierarchyPathItem"},{"id":"Herkku_00000078","name":"Maustekastikkeet ja tahnat","slug":"oljyt-mausteet-maustaminen-1/maustekastikkeet-ja-tahnat","__typename":"HierarchyPathItem"},{"id":"Herkku_00000011","name":"Öljyt, mausteet, maustaminen","slug":"oljyt-mausteet-maustaminen-1","__typename":"HierarchyPathItem"}],"isGlobalFallback":null,"countryName":{"fi":"Alankomaat","__typename":"CountryName"}},{"id":"7311312007223","ean":"7311312007223","name":"Santa Maria Dip Nacho Cheese Style Juustodippi 250 g","price":2.99,"storeId":725782447,"__typename":"Product","approxPrice":false,"basicQuantityUnit":"KPL","comparisonPrice":11.96,"comparisonUnit":"KGM","consumerPackageSize":null,"consumerPackageUnit":null,"priceUnit":"KPL","quantityMultiplier":1,"brandName":"Santa Maria","slug":"santa-maria-dip-nacho-cheese-style-juustodippi-250-g","isAgeLimitedByAlcohol":false,"frozen":false,"packagingLabels":["Green Dot"," Kierrätysmerkki"],"packagingLabelCodes":["GREEN_DOT"," RECYCLABLE_GENERAL_CLAIM"],"hierarchyPath":[{"id":"Herkku_00000463","name":"Tex-mex säilykkeet","slug":"oljyt-mausteet-maustaminen-1/tex-mex/tex-mex-sailykkeet","__typename":"HierarchyPathItem"},{"id":"StructureGroup_198285814629","name":"Tex mex","slug":"oljyt-mausteet-maustaminen-1/tex-mex","__typename":"HierarchyPathItem"},{"id":"Herkku_00000011","name":"Öljyt, mausteet, maustaminen","slug":"oljyt-mausteet-maustaminen-1","__typename":"HierarchyPathItem"}],"isGlobalFallback":null,"countryName":{"fi":"Alankomaat","__typename":"CountryName"}},{"id":"7311440050252","ean":"7311440050252","name":"Kavli voileipäpikkelsi 275g","price":3.99,"storeId":725782447,"__typename":"Product","approxPrice":false,"basicQuantityUnit":"KPL","comparisonPrice":14.51,"comparisonUnit":"KGM","consumerPackageSize":null,"consumerPackageUnit":null,"priceUnit":"KPL","quantityMultiplier":1,"brandName":"Kavli","slug":"kavli-voileipapikkelsi-275g","isAgeLimitedByAlcohol":false,"frozen":false,"packagingLabels":[],"packagingLabelCodes":[],"hierarchyPath":[{"id":"Herkku_00000079","name":"Majoneesit ja majoneesikastikkeet","slug":"oljyt-mausteet-maustaminen-1/majoneesit-ja-majoneesikastikkeet","__typename":"HierarchyPathItem"},{"id":"Herkku_00000011","name":"Öljyt, mausteet, maustaminen","slug":"oljyt-mausteet-maustaminen-1","__typename":"HierarchyPathItem"}],"isGlobalFallback":null,"countryName":{"fi":"Ruotsi","__typename":"CountryName"}},{"id":"7311440056377","ean":"7311440056377","name":"Kavli 425g hampurilaiskastike","price":3.79,"storeId":725782447,"__typename":"Product","approxPrice":false,"basicQuantityUnit":"KPL","comparisonPrice":8.92,"comparisonUnit":"KGM","consumerPackageSize":null,"consumerPackageUnit":null,"priceUnit":"KPL","quantityMultiplier":1,"brandName":"Kavli","slug":"kavli-425g-hampurilaiskastike","isAgeLimitedByAlcohol":false,"frozen":false,"packagingLabels":[],"packagingLabelCodes":[],"hierarchyPath":[{"id":"Herkku_00000421","name":"Ateriakastikkeet","slug":"oljyt-mausteet-maustaminen-1/maustekastikkeet-ja-tahnat/ateriakastikkeet","__typename":"HierarchyPathItem"},{"id":"Herkku_00000078","name":"Maustekastikkeet ja tahnat","slug":"oljyt-mausteet-maustaminen-1/maustekastikkeet-ja-tahnat","__typename":"HierarchyPathItem"},{"id":"Herkku_00000011","name":"Öljyt, mausteet, maustaminen","slug":"oljyt-mausteet-maustaminen-1","__typename":"HierarchyPathItem"}],"isGlobalFallback":null,"countryName":{"fi":"Ruotsi","__typename":"CountryName"}},{"id":"7311440601157","ean":"7311440601157","name":"Planti Cooking original kaurapohjainen ruoanlaittovalmiste 15% rasvaa 2dl","price":1.19,"storeId":725782447,"__typename":"Product","approxPrice":false,"basicQuantityUnit":"KPL","comparisonPrice":5.95,"comparisonUnit":"LTR","consumerPackageSize":null,"consumerPackageUnit":null,"priceUnit":"KPL","quantityMultiplier":1,"brandName":"Nordic","slug":"planti-cooking-original-kaurapohjainen-ruoanlaittovalmiste-15-rasvaa-2dl","isAgeLimitedByAlcohol":false,"frozen":false,"packagingLabels":[],"packagingLabelCodes":[],"hierarchyPath":[{"id":"1591691235643754","name":"Kasvikermat","slug":"maito-munat-ja-rasvat-0/kermat/kasvikermat","__typename":"HierarchyPathItem"},{"id":"1591691235643733","name":"Kermat","slug":"maito-munat-ja-rasvat-0/kermat","__typename":"HierarchyPathItem"},{"id":"Herkku_00000006","name":"Maito, munat ja rasvat","slug":"maito-munat-ja-rasvat-0","__typename":"HierarchyPathItem"}],"isGlobalFallback":null,"countryName":{"fi":"Suomi","__typename":"CountryName"}},{"id":"7311520010862","ean":"7311520010862","name":"Mrs Cheng's Thai Panaeng Curry Valmis ateriakastike 400ml","price":3.95,"storeId":725782447,"__typename":"Product","approxPrice":false,"basicQuantityUnit":"KPL","comparisonPrice":9.4,"comparisonUnit":"KGM","consumerPackageSize":null,"consumerPackageUnit":null,"priceUnit":"KPL","quantityMultiplier":1,"brandName":"Mrs Chengs","slug":"mrs-chengs-thai-panaeng-curry-valmis-ateriakastike-400ml","isAgeLimitedByAlcohol":false,"frozen":false,"packagingLabels":[],"packagingLabelCodes":[],"hierarchyPath":[{"id":"Herkku_00000421","name":"Ateriakastikkeet","slug":"oljyt-mausteet-maustaminen-1/maustekastikkeet-ja-tahnat/ateriakastikkeet","__typename":"HierarchyPathItem"},{"id":"Herkku_00000078","name":"Maustekastikkeet ja tahnat","slug":"oljyt-mausteet-maustaminen-1/maustekastikkeet-ja-tahnat","__typename":"HierarchyPathItem"},{"id":"Herkku_00000011","name":"Öljyt, mausteet, maustaminen","slug":"oljyt-mausteet-maustaminen-1","__typename":"HierarchyPathItem"}],"isGlobalFallback":null,"countryName":{"fi":"Thaimaa","__typename":"CountryName"}},{"id":"7311570121396","ean":"7311570121396","name":"Pepsodent White System Hammastahna Poistaa värjäymiä Valkoisemmat hampaat 75 ml","price":2.5,"storeId":725782447,"__typename":"Product","approxPrice":false,"basicQuantityUnit":"KPL","comparisonPrice":33.33,"comparisonUnit":"LTR","consumerPackageSize":null,"consumerPackageUnit":null,"priceUnit":"KPL","quantityMultiplier":1,"brandName":"Pepsodent","slug":"pepsodent-white-system-hammastahna-poistaa-varjaymia-valkoisemmat-hampaat-75-ml","isAgeLimitedByAlcohol":false,"frozen":false,"packagingLabels":[],"packagingLabelCodes":[],"hierarchyPath":[{"id":"1591691233571227","name":"Hammastahnat","slug":"kosmetiikka-ja-hygienia/suunhoito/hammastahnat","__typename":"HierarchyPathItem"},{"id":"1591691233571225","name":"Suunhoito","slug":"kosmetiikka-ja-hygienia/suunhoito","__typename":"HierarchyPathItem"},{"id":"1591691233334707","name":"Kosmetiikka ja hygienia","slug":"kosmetiikka-ja-hygienia","__typename":"HierarchyPathItem"}],"isGlobalFallback":null,"countryName":{"fi":"Italia","__typename":"CountryName"}},{"id":"7311570402969","ean":"7311570402969","name":"Pepsodent Kids Hammasharja Alle 6-vuotiaille lapsille Pehmeät harjakset 1 kpl","price":2.6,"storeId":725782447,"__typename":"Product","approxPrice":false,"basicQuantityUnit":"KPL","comparisonPrice":2.6,"comparisonUnit":"PCE","consumerPackageSize":null,"consumerPackageUnit":null,"priceUnit":"KPL","quantityMultiplier":1,"brandName":"Pepsodent","slug":"pepsodent-kids-hammasharja-alle-6-vuotiaille-lapsille-pehmeat-harjakset-1-kpl","isAgeLimitedByAlcohol":false,"frozen":false,"packagingLabels":[],"packagingLabelCodes":[],"hierarchyPath":[{"id":"1591691233571226","name":"Hammasharjat","slug":"kosmetiikka-ja-hygienia/suunhoito/hammasharjat","__typename":"HierarchyPathItem"},{"id":"1591691233571225","name":"Suunhoito","slug":"kosmetiikka-ja-hygienia/suunhoito","__typename":"HierarchyPathItem"},{"id":"1591691233334707","name":"Kosmetiikka ja hygienia","slug":"kosmetiikka-ja-hygienia","__typename":"HierarchyPathItem"}],"isGlobalFallback":null,"countryName":{"fi":"Sveitsi","__typename":"CountryName"}},{"id":"7311870027039","ean":"7311870027039","name":"Arla Tolkuttomat Juustot  Ketterä Kermajuusto 17% viipale 150g","price":2.99,"storeId":725782447,"__typename":"Product","approxPrice":false,"basicQuantityUnit":"KPL","comparisonPrice":19.93,"comparisonUnit":"KGM","consumerPackageSize":null,"consumerPackageUnit":null,"priceUnit":"KPL","quantityMultiplier":1,"brandName":"Arla Tolkuttomat Juustot","slug":"arla-tolkuttomat-juustot-kettera-kermajuusto-17-viipale-150g","isAgeLimitedByAlcohol":false,"frozen":false,"packagingLabels":[],"packagingLabelCodes":[],"hierarchyPath":[{"id":"1591691244827921","name":"Kermajuustot","slug":"juustot-0/pala-ja-viipalejuustot/kermajuustot","__typename":"HierarchyPathItem"},{"id":"1591691244827914","name":"Pala- ja viipalejuustot","slug":"juustot-0/pala-ja-viipalejuustot","__typename":"HierarchyPathItem"},{"id":"Herkku_00000003","name":"Juustot","slug":"juustot-0","__typename":"HierarchyPathItem"}],"isGlobalFallback":null,"countryName":{"fi":"Ruotsi","__typename":"CountryName"}},{"id":"7312080004018","ean":"7312080004018","name":"Leksands 200g Perinteinen kolmionäkkileipä","price":2.35,"storeId":725782447,"__typename":"Product","approxPrice":false,"basicQuantityUnit":"KPL","comparisonPrice":11.75,"comparisonUnit":"KGM","consumerPackageSize":null,"consumerPackageUnit":null,"priceUnit":"KPL","quantityMultiplier":1,"brandName":"Leksands","slug":"leksands-200g-perinteinen-kolmionakkileipa","isAgeLimitedByAlcohol":false,"frozen":false,"packagingLabels":["Nyckelhalet"],"packagingLabelCodes":["NYCKELHALET"],"hierarchyPath":[{"id":"Herkku_00000312","name":"Näkkileivät","slug":"leivat-keksit-ja-leivonnaiset-1/nakkileivat-ja-hapankorput/nakkileivat","__typename":"HierarchyPathItem"},{"id":"Herkku_00000052","name":"Näkkileivät ja hapankorput","slug":"leivat-keksit-ja-leivonnaiset-1/nakkileivat-ja-hapankorput","__typename":"HierarchyPathItem"},{"id":"Herkku_00000008","name":"Leivät, keksit ja leivonnaiset","slug":"leivat-keksit-ja-leivonnaiset-1","__typename":"HierarchyPathItem"}],"isGlobalFallback":null,"countryName":{"fi":"Ruotsi","__typename":"CountryName"}},{"id":"7312080004025","ean":"7312080004025","name":"Leksands 200g Jälkiuuni kolmionäkkileipä","price":2.35,"storeId":725782447,"__typename":"Product","approxPrice":false,"basicQuantityUnit":"KPL","comparisonPrice":11.75,"comparisonUnit":"KGM","consumerPackageSize":null,"consumerPackageUnit":null,"priceUnit":"KPL","quantityMultiplier":1,"brandName":"Leksands","slug":"leksands-200g-jalkiuuni-kolmionakkileipa","isAgeLimitedByAlcohol":false,"frozen":false,"packagingLabels":["Nyckelhalet"],"packagingLabelCodes":["NYCKELHALET"],"hierarchyPath":[{"id":"Herkku_00000312","name":"Näkkileivät","slug":"leivat-keksit-ja-leivonnaiset-1/nakkileivat-ja-hapankorput/nakkileivat","__typename":"HierarchyPathItem"},{"id":"Herkku_00000052","name":"Näkkileivät ja hapankorput","slug":"leivat-keksit-ja-leivonnaiset-1/nakkileivat-ja-hapankorput","__typename":"HierarchyPathItem"},{"id":"Herkku_00000008","name":"Leivät, keksit ja leivonnaiset","slug":"leivat-keksit-ja-leivonnaiset-1","__typename":"HierarchyPathItem"}],"isGlobalFallback":null,"countryName":{"fi":"Ruotsi","__typename":"CountryName"}},{"id":"7312220000054","ean":"7312220000054","name":"Annas Original piparkakku 300g","price":2.49,"storeId":725782447,"__typename":"Product","approxPrice":false,"basicQuantityUnit":"KPL","comparisonPrice":8.3,"comparisonUnit":"KGM","consumerPackageSize":null,"consumerPackageUnit":null,"priceUnit":"KPL","quantityMultiplier":1,"brandName":"Annas","slug":"annas-original-piparkakku-300g","isAgeLimitedByAlcohol":false,"frozen":false,"packagingLabels":[],"packagingLabelCodes":[],"hierarchyPath":[{"id":"Herkku_00000371","name":"Piparkakut","slug":"leivat-keksit-ja-leivonnaiset-1/keksit/piparkakut","__typename":"HierarchyPathItem"},{"id":"Herkku_00000065","name":"Keksit","slug":"leivat-keksit-ja-leivonnaiset-1/keksit","__typename":"HierarchyPathItem"},{"id":"Herkku_00000008","name":"Leivät, keksit ja leivonnaiset","slug":"leivat-keksit-ja-leivonnaiset-1","__typename":"HierarchyPathItem"}],"isGlobalFallback":null,"countryName":{"fi":"Ruotsi","__typename":"CountryName"}},{"id":"7312220135763","ean":"7312220135763","name":"Annas Piparkakku Toffee 150g","price":1.55,"storeId":725782447,"__typename":"Product","approxPrice":false,"basicQuantityUnit":"KPL","comparisonPrice":10.33,"comparisonUnit":"KGM","consumerPackageSize":null,"consumerPackageUnit":null,"priceUnit":"KPL","quantityMultiplier":1,"brandName":"Annas","slug":"annas-piparkakku-toffee-150g","isAgeLimitedByAlcohol":false,"frozen":false,"packagingLabels":[],"packagingLabelCodes":[],"hierarchyPath":[{"id":"Herkku_00000371","name":"Piparkakut","slug":"leivat-keksit-ja-leivonnaiset-1/keksit/piparkakut","__typename":"HierarchyPathItem"},{"id":"Herkku_00000065","name":"Keksit","slug":"leivat-keksit-ja-leivonnaiset-1/keksit","__typename":"HierarchyPathItem"},{"id":"Herkku_00000008","name":"Leivät, keksit ja leivonnaiset","slug":"leivat-keksit-ja-leivonnaiset-1","__typename":"HierarchyPathItem"}],"isGlobalFallback":null,"countryName":{"fi":"Ruotsi","__typename":"CountryName"}},{"id":"7312220177008","ean":"7312220177008","name":"Annas piparkakkujäätelö 900ml","price":5.45,"storeId":725782447,"__typename":"Product","approxPrice":false,"basicQuantityUnit":"KPL","comparisonPrice":6.06,"comparisonUnit":"LTR","consumerPackageSize":null,"consumerPackageUnit":null,"priceUnit":"KPL","quantityMultiplier":1,"brandName":"Annas","slug":"annas-piparkakkujaatelo-900ml","isAgeLimitedByAlcohol":false,"frozen":true,"packagingLabels":[],"packagingLabelCodes":[],"hierarchyPath":[{"id":"1591691225905930","name":"Jäätelöpakkaukset","slug":"pakasteet-1/jaatelot/jaatelopakkaukset","__typename":"HierarchyPathItem"},{"id":"Herkku_00000130","name":"Jäätelöt","slug":"pakasteet-1/jaatelot","__typename":"HierarchyPathItem"},{"id":"Herkku_00000013","name":"Pakasteet","slug":"pakasteet-1","__typename":"HierarchyPathItem"}],"isGlobalFallback":null,"countryName":{"fi":"Belgia","__typename":"CountryName"}},{"id":"7312220215618","ean":"7312220215618","name":"Annas Piparkakku Äppelpaj 150g","price":1.55,"storeId":725782447,"__typename":"Product","approxPrice":false,"basicQuantityUnit":"KPL","comparisonPrice":10.33,"comparisonUnit":"KGM","consumerPackageSize":null,"consumerPackageUnit":null,"priceUnit":"KPL","quantityMultiplier":1,"brandName":"Annas","slug":"annas-piparkakku-appelpaj-150g","isAgeLimitedByAlcohol":false,"frozen":false,"packagingLabels":[],"packagingLabelCodes":[],"hierarchyPath":[{"id":"Herkku_00000371","name":"Piparkakut","slug":"leivat-keksit-ja-leivonnaiset-1/keksit/piparkakut","__typename":"HierarchyPathItem"},{"id":"Herkku_00000065","name":"Keksit","slug":"leivat-keksit-ja-leivonnaiset-1/keksit","__typename":"HierarchyPathItem"},{"id":"Herkku_00000008","name":"Leivät, keksit ja leivonnaiset","slug":"leivat-keksit-ja-leivonnaiset-1","__typename":"HierarchyPathItem"}],"isGlobalFallback":null,"countryName":{"fi":"Ruotsi","__typename":"CountryName"}},{"id":"7312787710182","ean":"7312787710182","name":"GoGreen Punaiset linssit 400 g","price":2.15,"storeId":725782447,"__typename":"Product","approxPrice":false,"basicQuantityUnit":"KPL","comparisonPrice":5.37,"comparisonUnit":"KGM","consumerPackageSize":null,"consumerPackageUnit":null,"priceUnit":"KPL","quantityMultiplier":1,"brandName":"GoGreen","slug":"gogreen-punaiset-linssit-400-g","isAgeLimitedByAlcohol":false,"frozen":false,"packagingLabels":[],"packagingLabelCodes":[],"hierarchyPath":[{"id":"Herkku_00000357","name":"Kasvissäilykkeet","slug":"kuivatuotteet-ja-leivonta-1/sailykkeet/kasvissailykkeet","__typename":"HierarchyPathItem"},{"id":"Herkku_00000063","name":"Säilykkeet","slug":"kuivatuotteet-ja-leivonta-1/sailykkeet","__typename":"HierarchyPathItem"},{"id":"Herkku_00000007","name":"Kuivatuotteet ja leivonta","slug":"kuivatuotteet-ja-leivonta-1","__typename":"HierarchyPathItem"}],"isGlobalFallback":null,"countryName":{"fi":"Kanada","__typename":"CountryName"}},{"id":"7312930000382","ean":"7312930000382","name":"Almondy 400g Daim Mantelikakku","price":7.55,"storeId":725782447,"__typename":"Product","approxPrice":false,"basicQuantityUnit":"KPL","comparisonPrice":18.88,"comparisonUnit":"KGM","consumerPackageSize":null,"consumerPackageUnit":null,"priceUnit":"KPL","quantityMultiplier":1,"brandName":"Almondy","slug":"almondy-400g-daim-mantelikakku","isAgeLimitedByAlcohol":false,"frozen":true,"packagingLabels":[],"packagingLabelCodes":[],"hierarchyPath":[{"id":"1591691225974004","name":"Kakut, pullat ja leivokset","slug":"pakasteet-1/leivonnais-ja-leipapakasteet/kakut-pullat-ja-leivokset","__typename":"HierarchyPathItem"},{"id":"Herkku_00000125","name":"Leivonnais- ja leipäpakasteet","slug":"pakasteet-1/leivonnais-ja-leipapakasteet","__typename":"HierarchyPathItem"},{"id":"Herkku_00000013","name":"Pakasteet","slug":"pakasteet-1","__typename":"HierarchyPathItem"}],"isGlobalFallback":null,"countryName":{"fi":"Ruotsi","__typename":"CountryName"}},{"id":"7312930002935","ean":"7312930002935","name":"Almondy 400g Daim Maitosuklaamousse kakku","price":7.55,"storeId":725782447,"__typename":"Product","approxPrice":false,"basicQuantityUnit":"KPL","comparisonPrice":18.88,"comparisonUnit":"KGM","consumerPackageSize":null,"consumerPackageUnit":null,"priceUnit":"KPL","quantityMultiplier":1,"brandName":"Almondy","slug":"almondy-400g-daim-maitosuklaamousse-kakku","isAgeLimitedByAlcohol":false,"frozen":true,"packagingLabels":[],"packagingLabelCodes":[],"hierarchyPath":[{"id":"1591691225974004","name":"Kakut, pullat ja leivokset","slug":"pakasteet-1/leivonnais-ja-leipapakasteet/kakut-pullat-ja-leivokset","__typename":"HierarchyPathItem"},{"id":"Herkku_00000125","name":"Leivonnais- ja leipäpakasteet","slug":"pakasteet-1/leivonnais-ja-leipapakasteet","__typename":"HierarchyPathItem"},{"id":"Herkku_00000013","name":"Pakasteet","slug":"pakasteet-1","__typename":"HierarchyPathItem"}],"isGlobalFallback":null,"countryName":{"fi":"Ruotsi","__typename":"CountryName"}},{"id":"7313902800658","ean":"7313902800658","name":"Friggs 1000mg C-vitamiini appelsiini poretabletti 20kpl","price":2.15,"storeId":725782447,"__typename":"Product","approxPrice":false,"basicQuantityUnit":"KPL","comparisonPrice":0.11,"comparisonUnit":"PCE","consumerPackageSize":null,"consumerPackageUnit":null,"priceUnit":"KPL","quantityMultiplier":1,"brandName":"Friggs","slug":"friggs-1000mg-c-vitamiini-appelsiini-poretabletti-20kpl","isAgeLimitedByAlcohol":false,"frozen":false,"packagingLabels":[],"packagingLabelCodes":[],"hierarchyPath":[{"id":"Herkku_00001042","name":"C-vitamiinit","slug":"luontaistuotteet-ja-lisaravinteet-1/vitamiinit/c-vitamiinit","__typename":"HierarchyPathItem"},{"id":"Herkku_00000177","name":"Vitamiinit","slug":"luontaistuotteet-ja-lisaravinteet-1/vitamiinit","__typename":"HierarchyPathItem"},{"id":"Herkku_00000016","name":"Luontaistuotteet ja lisäravinteet","slug":"luontaistuotteet-ja-lisaravinteet-1","__typename":"HierarchyPathItem"}],"isGlobalFallback":null,"countryName":{"fi":"Iso-Britannia","__typename":"CountryName"}},{"id":"7319470118645","ean":"7319470118645","name":"NIVEA lahjapakkaus Fresh Care 2022 sis. 2 tuotetta","price":4.99,"storeId":725782447,"__typename":"Product","approxPrice":false,"basicQuantityUnit":"KPL","comparisonPrice":2.5,"comparisonUnit":"PCE","consumerPackageSize":null,"consumerPackageUnit":null,"priceUnit":"KPL","quantityMultiplier":1,"brandName":"Nivea","slug":"nivea-lahjapakkaus-fresh-care-2022-sis-2-tuotetta","isAgeLimitedByAlcohol":false,"frozen":false,"packagingLabels":[],"packagingLabelCodes":[],"hierarchyPath":[{"id":"1591691233832765","name":"Lahjapakkaukset","slug":"kosmetiikka-ja-hygienia/muut-kosmetiikka-ja-hygieniatuotteet/lahjapakkaukset","__typename":"HierarchyPathItem"},{"id":"1591691233832153","name":"Muut kosmetiikka ja hygieniatuotteet","slug":"kosmetiikka-ja-hygienia/muut-kosmetiikka-ja-hygieniatuotteet","__typename":"HierarchyPathItem"},{"id":"1591691233334707","name":"Kosmetiikka ja hygienia","slug":"kosmetiikka-ja-hygienia","__typename":"HierarchyPathItem"}],"isGlobalFallback":null,"countryName":{"fi":"Saksa","__typename":"CountryName"}},{"id":"7319470118706","ean":"7319470118706","name":"Labello Beautiful Lips lahjapakkaus 2022 sis. 3kpl","price":6.9,"storeId":725782447,"__typename":"Product","approxPrice":false,"basicQuantityUnit":"KPL","comparisonPrice":2.3,"comparisonUnit":"PCE","consumerPackageSize":null,"consumerPackageUnit":null,"priceUnit":"KPL","quantityMultiplier":1,"brandName":"Labello","slug":"labello-beautiful-lips-lahjapakkaus-2022-sis-3kpl","isAgeLimitedByAlcohol":false,"frozen":false,"packagingLabels":[],"packagingLabelCodes":[],"hierarchyPath":[{"id":"1591691233832765","name":"Lahjapakkaukset","slug":"kosmetiikka-ja-hygienia/muut-kosmetiikka-ja-hygieniatuotteet/lahjapakkaukset","__typename":"HierarchyPathItem"},{"id":"1591691233832153","name":"Muut kosmetiikka ja hygieniatuotteet","slug":"kosmetiikka-ja-hygienia/muut-kosmetiikka-ja-hygieniatuotteet","__typename":"HierarchyPathItem"},{"id":"1591691233334707","name":"Kosmetiikka ja hygienia","slug":"kosmetiikka-ja-hygienia","__typename":"HierarchyPathItem"}],"isGlobalFallback":null,"countryName":{"fi":"Saksa","__typename":"CountryName"}},{"id":"7319470118720","ean":"7319470118720","name":"NIVEA MEN lahjapakkaus Classic Care 2022 sis. 2 tuotetta","price":4.99,"storeId":725782447,"__typename":"Product","approxPrice":false,"basicQuantityUnit":"KPL","comparisonPrice":2.5,"comparisonUnit":"PCE","consumerPackageSize":null,"consumerPackageUnit":null,"priceUnit":"KPL","quantityMultiplier":1,"brandName":"Nivea Men","slug":"nivea-men-lahjapakkaus-classic-care-2022-sis-2-tuotetta","isAgeLimitedByAlcohol":false,"frozen":false,"packagingLabels":[],"packagingLabelCodes":[],"hierarchyPath":[{"id":"1591691233832765","name":"Lahjapakkaukset","slug":"kosmetiikka-ja-hygienia/muut-kosmetiikka-ja-hygieniatuotteet/lahjapakkaukset","__typename":"HierarchyPathItem"},{"id":"1591691233832153","name":"Muut kosmetiikka ja hygieniatuotteet","slug":"kosmetiikka-ja-hygienia/muut-kosmetiikka-ja-hygieniatuotteet","__typename":"HierarchyPathItem"},{"id":"1591691233334707","name":"Kosmetiikka ja hygienia","slug":"kosmetiikka-ja-hygienia","__typename":"HierarchyPathItem"}],"isGlobalFallback":null,"countryName":{"fi":"Saksa","__typename":"CountryName"}},{"id":"7319470118737","ean":"7319470118737","name":"NIVEA MEN lahjapakkaus Energy 2022 sis. 3 tuotetta","price":9.99,"storeId":725782447,"__typename":"Product","approxPrice":false,"basicQuantityUnit":"KPL","comparisonPrice":3.33,"comparisonUnit":"PCE","consumerPackageSize":null,"consumerPackageUnit":null,"priceUnit":"KPL","quantityMultiplier":1,"brandName":"Nivea Men","slug":"nivea-men-lahjapakkaus-energy-2022-sis-3-tuotetta","isAgeLimitedByAlcohol":false,"frozen":false,"packagingLabels":[],"packagingLabelCodes":[],"hierarchyPath":[{"id":"1591691233832765","name":"Lahjapakkaukset","slug":"kosmetiikka-ja-hygienia/muut-kosmetiikka-ja-hygieniatuotteet/lahjapakkaukset","__typename":"HierarchyPathItem"},{"id":"1591691233832153","name":"Muut kosmetiikka ja hygieniatuotteet","slug":"kosmetiikka-ja-hygienia/muut-kosmetiikka-ja-hygieniatuotteet","__typename":"HierarchyPathItem"},{"id":"1591691233334707","name":"Kosmetiikka ja hygienia","slug":"kosmetiikka-ja-hygienia","__typename":"HierarchyPathItem"}],"isGlobalFallback":null,"countryName":{"fi":"Saksa","__typename":"CountryName"}},{"id":"7319470801035","ean":"7319470801035","name":"NIVEA Creme 75ml ihovoide","price":2.59,"storeId":725782447,"__typename":"Product","approxPrice":false,"basicQuantityUnit":"KPL","comparisonPrice":34.53,"comparisonUnit":"LTR","consumerPackageSize":null,"consumerPackageUnit":null,"priceUnit":"KPL","quantityMultiplier":1,"brandName":"NIVEA","slug":"nivea-creme-75ml-ihovoide","isAgeLimitedByAlcohol":false,"frozen":false,"packagingLabels":[],"packagingLabelCodes":[],"hierarchyPath":[{"id":"1591691233375134","name":"Vartalonhoito","slug":"kosmetiikka-ja-hygienia/ihonhoito/vartalonhoito","__typename":"HierarchyPathItem"},{"id":"1591691233375123","name":"Ihonhoito","slug":"kosmetiikka-ja-hygienia/ihonhoito","__typename":"HierarchyPathItem"},{"id":"1591691233334707","name":"Kosmetiikka ja hygienia","slug":"kosmetiikka-ja-hygienia","__typename":"HierarchyPathItem"}],"isGlobalFallback":null,"countryName":{"fi":"Saksa","__typename":"CountryName"}},{"id":"7319993289938","ean":"7319993289938","name":"Lapin Liha Saksanhirvikäristys 240g pakaste","price":4.99,"storeId":725782447,"__typename":"Product","approxPrice":false,"basicQuantityUnit":"KPL","comparisonPrice":20.79,"comparisonUnit":"KGM","consumerPackageSize":null,"consumerPackageUnit":null,"priceUnit":"KPL","quantityMultiplier":1,"brandName":"Lapin Liha","slug":"lapin-liha-saksanhirvikaristys-240g-pakaste","isAgeLimitedByAlcohol":false,"frozen":true,"packagingLabels":[],"packagingLabelCodes":[],"hierarchyPath":[{"id":"Herkku_00000552","name":"Liha ja riista","slug":"pakasteet-1/liha-ja-kalapakasteet/liha-ja-riista","__typename":"HierarchyPathItem"},{"id":"Herkku_00000131","name":"Liha- ja kalapakasteet","slug":"pakasteet-1/liha-ja-kalapakasteet","__typename":"HierarchyPathItem"},{"id":"Herkku_00000013","name":"Pakasteet","slug":"pakasteet-1","__typename":"HierarchyPathItem"}],"isGlobalFallback":null,"countryName":{"fi":"Suomi","__typename":"CountryName"}},{"id":"7320496055821","ean":"7320496055821","name":"Friggs Kermaviilin & Sipulin makuinen riisikakku 125g","price":2.99,"storeId":725782447,"__typename":"Product","approxPrice":false,"basicQuantityUnit":"KPL","comparisonPrice":23.92,"comparisonUnit":"KGM","consumerPackageSize":null,"consumerPackageUnit":null,"priceUnit":"KPL","quantityMultiplier":1,"brandName":"Friggs","slug":"friggs-kermaviilin-and-sipulin-makuinen-riisikakku-125g","isAgeLimitedByAlcohol":false,"frozen":false,"packagingLabels":[],"packagingLabelCodes":[],"hierarchyPath":[{"id":"Herkku_00000315","name":"Riisikakut","slug":"leivat-keksit-ja-leivonnaiset-1/nakkileivat-ja-hapankorput/riisikakut","__typename":"HierarchyPathItem"},{"id":"Herkku_00000052","name":"Näkkileivät ja hapankorput","slug":"leivat-keksit-ja-leivonnaiset-1/nakkileivat-ja-hapankorput","__typename":"HierarchyPathItem"},{"id":"Herkku_00000008","name":"Leivät, keksit ja leivonnaiset","slug":"leivat-keksit-ja-leivonnaiset-1","__typename":"HierarchyPathItem"}],"isGlobalFallback":null,"countryName":{"fi":"Belgia","__typename":"CountryName"}},{"id":"7322540016413","ean":"7322540016413","name":"Tena Men 10kpl Level 2","price":5.35,"storeId":725782447,"__typename":"Product","approxPrice":false,"basicQuantityUnit":"KPL","comparisonPrice":0.53,"comparisonUnit":"PCE","consumerPackageSize":null,"consumerPackageUnit":null,"priceUnit":"KPL","quantityMultiplier":1,"brandName":"TENA","slug":"tena-men-10kpl-level-2","isAgeLimitedByAlcohol":false,"frozen":false,"packagingLabels":[],"packagingLabelCodes":[],"hierarchyPath":[{"id":"1591691233571274","name":"Inkontinenssisuojat","slug":"kosmetiikka-ja-hygienia/intiimihygienia-ja-intiimituotteet/inkontinenssisuojat","__typename":"HierarchyPathItem"},{"id":"1591691233571247","name":"Intiimihygienia ja intiimituotteet","slug":"kosmetiikka-ja-hygienia/intiimihygienia-ja-intiimituotteet","__typename":"HierarchyPathItem"},{"id":"1591691233334707","name":"Kosmetiikka ja hygienia","slug":"kosmetiikka-ja-hygienia","__typename":"HierarchyPathItem"}],"isGlobalFallback":null,"countryName":{"fi":"Slovakia","__typename":"CountryName"}},{"id":"7322540576474","ean":"7322540576474","name":"Libresse yöside Maxi+ Goodnight Wing 10 kpl","price":2.55,"storeId":725782447,"__typename":"Product","approxPrice":false,"basicQuantityUnit":"KPL","comparisonPrice":0.26,"comparisonUnit":"PCE","consumerPackageSize":null,"consumerPackageUnit":null,"priceUnit":"KPL","quantityMultiplier":1,"brandName":"Libresse","slug":"libresse-yoside-maxi-goodnight-wing-10-kpl","isAgeLimitedByAlcohol":false,"frozen":false,"packagingLabels":[],"packagingLabelCodes":[],"hierarchyPath":[{"id":"1591691233571265","name":"Siteet","slug":"kosmetiikka-ja-hygienia/intiimihygienia-ja-intiimituotteet/siteet","__typename":"HierarchyPathItem"},{"id":"1591691233571247","name":"Intiimihygienia ja intiimituotteet","slug":"kosmetiikka-ja-hygienia/intiimihygienia-ja-intiimituotteet","__typename":"HierarchyPathItem"},{"id":"1591691233334707","name":"Kosmetiikka ja hygienia","slug":"kosmetiikka-ja-hygienia","__typename":"HierarchyPathItem"}],"isGlobalFallback":null,"countryName":{"fi":"Slovakia","__typename":"CountryName"}},{"id":"7322540852165","ean":"7322540852165","name":"TENA lady inkontinenssisuoja Discreet Normal 24 kpl","price":7.79,"storeId":725782447,"__typename":"Product","approxPrice":false,"basicQuantityUnit":"KPL","comparisonPrice":0.32,"comparisonUnit":"PCE","consumerPackageSize":null,"consumerPackageUnit":null,"priceUnit":"KPL","quantityMultiplier":1,"brandName":"TENA","slug":"tena-lady-inkontinenssisuoja-discreet-normal-24-kpl","isAgeLimitedByAlcohol":false,"frozen":false,"packagingLabels":[],"packagingLabelCodes":[],"hierarchyPath":[{"id":"1591691233571274","name":"Inkontinenssisuojat","slug":"kosmetiikka-ja-hygienia/intiimihygienia-ja-intiimituotteet/inkontinenssisuojat","__typename":"HierarchyPathItem"},{"id":"1591691233571247","name":"Intiimihygienia ja intiimituotteet","slug":"kosmetiikka-ja-hygienia/intiimihygienia-ja-intiimituotteet","__typename":"HierarchyPathItem"},{"id":"1591691233334707","name":"Kosmetiikka ja hygienia","slug":"kosmetiikka-ja-hygienia","__typename":"HierarchyPathItem"}],"isGlobalFallback":null,"countryName":{"fi":"Alankomaat","__typename":"CountryName"}},{"id":"7322541083551","ean":"7322541083551","name":"Libero Comfort teippivaippa koko 3, 5-9 kg, 60 kpl,","price":13.79,"storeId":725782447,"__typename":"Product","approxPrice":false,"basicQuantityUnit":"KPL","comparisonPrice":0.23,"comparisonUnit":"PCE","consumerPackageSize":null,"consumerPackageUnit":null,"priceUnit":"KPL","quantityMultiplier":1,"brandName":"Libero Comfort","slug":"libero-comfort-teippivaippa-koko-3-5-9-kg-60-kpl","isAgeLimitedByAlcohol":false,"frozen":false,"packagingLabels":[],"packagingLabelCodes":[],"hierarchyPath":[{"id":"Herkku_00000239","name":"Teippivaipat","slug":"lapset-1/vaipat-ja-lastenhoito/teippivaipat","__typename":"HierarchyPathItem"},{"id":"StructureGroup_1356670909663615","name":"Vaipat ja lastenhoito","slug":"lapset-1/vaipat-ja-lastenhoito","__typename":"HierarchyPathItem"},{"id":"Herkku_00000010","name":"Lapset","slug":"lapset-1","__typename":"HierarchyPathItem"}],"isGlobalFallback":null,"countryName":{"fi":"Ruotsi","__typename":"CountryName"}},{"id":"7322541197562","ean":"7322541197562","name":"LIBERO Newborn 24kpl koko 1, 2-5kg Teippivaippa","price":5.09,"storeId":725782447,"__typename":"Product","approxPrice":false,"basicQuantityUnit":"KPL","comparisonPrice":0.21,"comparisonUnit":"PCE","consumerPackageSize":null,"consumerPackageUnit":null,"priceUnit":"KPL","quantityMultiplier":1,"brandName":"Libero Newborn","slug":"libero-newborn-24kpl-koko-1-2-5kg-teippivaippa","isAgeLimitedByAlcohol":false,"frozen":false,"packagingLabels":["Allergia- ja astmaliiton merkki"," FSC-sertifikaatti (Forest Stewardship Council)"," Pohjoismainen ympäristömerkki (Joutsen)"],"packagingLabelCodes":["FOREST_STEWARDSHIP_COUNCIL_LABEL"," LABEL_OF_THE_ALLERGY_AND_ASTHMA_FEDERATION"," SVANEN"],"hierarchyPath":[{"id":"Herkku_00000239","name":"Teippivaipat","slug":"lapset-1/vaipat-ja-lastenhoito/teippivaipat","__typename":"HierarchyPathItem"},{"id":"StructureGroup_1356670909663615","name":"Vaipat ja lastenhoito","slug":"lapset-1/vaipat-ja-lastenhoito","__typename":"HierarchyPathItem"},{"id":"Herkku_00000010","name":"Lapset","slug":"lapset-1","__typename":"HierarchyPathItem"}],"isGlobalFallback":null,"countryName":{"fi":"Ruotsi","__typename":"CountryName"}},{"id":"7322541756752","ean":"7322541756752","name":"LIBERO Comfort teippivaippa koko 3, 58 kpl, 5-9kg","price":14.95,"storeId":725782447,"__typename":"Product","approxPrice":false,"basicQuantityUnit":"KPL","comparisonPrice":0.26,"comparisonUnit":"PCE","consumerPackageSize":null,"consumerPackageUnit":null,"priceUnit":"KPL","quantityMultiplier":1,"brandName":"Libero","slug":"libero-comfort-teippivaippa-koko-3-58-kpl-5-9kg","isAgeLimitedByAlcohol":false,"frozen":false,"packagingLabels":["Pohjoismainen ympäristömerkki (Joutsen)"],"packagingLabelCodes":["SVANEN"],"hierarchyPath":[{"id":"Herkku_00000239","name":"Teippivaipat","slug":"lapset-1/vaipat-ja-lastenhoito/teippivaipat","__typename":"HierarchyPathItem"},{"id":"StructureGroup_1356670909663615","name":"Vaipat ja lastenhoito","slug":"lapset-1/vaipat-ja-lastenhoito","__typename":"HierarchyPathItem"},{"id":"Herkku_00000010","name":"Lapset","slug":"lapset-1","__typename":"HierarchyPathItem"}],"isGlobalFallback":null,"countryName":{"fi":"Ruotsi","__typename":"CountryName"}},{"id":"7322541756844","ean":"7322541756844","name":"LIBERO Comfort tejpblöja storlek 4, 50 st, 7-11kg","price":14.1,"storeId":725782447,"__typename":"Product","approxPrice":false,"basicQuantityUnit":"KPL","comparisonPrice":0.28,"comparisonUnit":"PCE","consumerPackageSize":null,"consumerPackageUnit":null,"priceUnit":"KPL","quantityMultiplier":1,"brandName":"Libero","slug":"libero-comfort-tejpbloja-storlek-4-50-st-7-11kg","isAgeLimitedByAlcohol":false,"frozen":false,"packagingLabels":["Approved by the Asthma and Allergy Association"," FSC recycled (Forest Stewardship Council)"," Pohjoismainen ympäristömerkki (Joutsen)"],"packagingLabelCodes":["APPROVED_BY_ASTHMA_AND_ALLERGY_ASSOC"," FOREST_STEWARDSHIP_COUNCIL_RECYCLED"," SVANEN"],"hierarchyPath":[{"id":"Herkku_00000239","name":"Teippivaipat","slug":"lapset-1/vaipat-ja-lastenhoito/teippivaipat","__typename":"HierarchyPathItem"},{"id":"StructureGroup_1356670909663615","name":"Vaipat ja lastenhoito","slug":"lapset-1/vaipat-ja-lastenhoito","__typename":"HierarchyPathItem"},{"id":"Herkku_00000010","name":"Lapset","slug":"lapset-1","__typename":"HierarchyPathItem"}],"isGlobalFallback":null,"countryName":{"fi":"Ruotsi","__typename":"CountryName"}},{"id":"7322541756936","ean":"7322541756936","name":"LIBERO Comfort teippivaippa koko 5, 46 kpl, 10-14 kg","price":14.1,"storeId":725782447,"__typename":"Product","approxPrice":false,"basicQuantityUnit":"KPL","comparisonPrice":0.31,"comparisonUnit":"PCE","consumerPackageSize":null,"consumerPackageUnit":null,"priceUnit":"KPL","quantityMultiplier":1,"brandName":"Libero","slug":"libero-comfort-teippivaippa-koko-5-46-kpl-10-14-kg","isAgeLimitedByAlcohol":false,"frozen":false,"packagingLabels":["Approved by the Asthma and Allergy Association"," FSC recycled (Forest Stewardship Council)"," Pohjoismainen ympäristömerkki (Joutsen)"],"packagingLabelCodes":["APPROVED_BY_ASTHMA_AND_ALLERGY_ASSOC"," FOREST_STEWARDSHIP_COUNCIL_RECYCLED"," SVANEN"],"hierarchyPath":[{"id":"Herkku_00000239","name":"Teippivaipat","slug":"lapset-1/vaipat-ja-lastenhoito/teippivaipat","__typename":"HierarchyPathItem"},{"id":"StructureGroup_1356670909663615","name":"Vaipat ja lastenhoito","slug":"lapset-1/vaipat-ja-lastenhoito","__typename":"HierarchyPathItem"},{"id":"Herkku_00000010","name":"Lapset","slug":"lapset-1","__typename":"HierarchyPathItem"}],"isGlobalFallback":null,"countryName":{"fi":"Ruotsi","__typename":"CountryName"}},{"id":"7322541757049","ean":"7322541757049","name":"LIBERO Comfort teippivaippa koko 6, 42kpl, 13-20kg","price":14.95,"storeId":725782447,"__typename":"Product","approxPrice":false,"basicQuantityUnit":"KPL","comparisonPrice":0.36,"comparisonUnit":"PCE","consumerPackageSize":null,"consumerPackageUnit":null,"priceUnit":"KPL","quantityMultiplier":1,"brandName":"Libero","slug":"libero-comfort-teippivaippa-koko-6-42kpl-13-20kg","isAgeLimitedByAlcohol":false,"frozen":false,"packagingLabels":["Approved by the Asthma and Allergy Association"," FSC recycled (Forest Stewardship Council)"," Pohjoismainen ympäristömerkki (Joutsen)"],"packagingLabelCodes":["APPROVED_BY_ASTHMA_AND_ALLERGY_ASSOC"," FOREST_STEWARDSHIP_COUNCIL_RECYCLED"," SVANEN"],"hierarchyPath":[{"id":"Herkku_00000239","name":"Teippivaipat","slug":"lapset-1/vaipat-ja-lastenhoito/teippivaipat","__typename":"HierarchyPathItem"},{"id":"StructureGroup_1356670909663615","name":"Vaipat ja lastenhoito","slug":"lapset-1/vaipat-ja-lastenhoito","__typename":"HierarchyPathItem"},{"id":"Herkku_00000010","name":"Lapset","slug":"lapset-1","__typename":"HierarchyPathItem"}],"isGlobalFallback":null,"countryName":{"fi":"Ruotsi","__typename":"CountryName"}},{"id":"7322550030164","ean":"7322550030164","name":"Blå Band vähälaktoosinen Hollandaisekastike 3x27g","price":2.05,"storeId":725782447,"__typename":"Product","approxPrice":false,"basicQuantityUnit":"KPL","comparisonPrice":25.31,"comparisonUnit":"KGM","consumerPackageSize":null,"consumerPackageUnit":null,"priceUnit":"KPL","quantityMultiplier":1,"brandName":"Blå Band","slug":"bla-band-vahalaktoosinen-hollandaisekastike-3x27g","isAgeLimitedByAlcohol":false,"frozen":false,"packagingLabels":[],"packagingLabelCodes":[],"hierarchyPath":[{"id":"Herkku_00000453","name":"Kastikeainekset","slug":"oljyt-mausteet-maustaminen-1/maustekastikkeet-ja-tahnat/kastikeainekset","__typename":"HierarchyPathItem"},{"id":"Herkku_00000078","name":"Maustekastikkeet ja tahnat","slug":"oljyt-mausteet-maustaminen-1/maustekastikkeet-ja-tahnat","__typename":"HierarchyPathItem"},{"id":"Herkku_00000011","name":"Öljyt, mausteet, maustaminen","slug":"oljyt-mausteet-maustaminen-1","__typename":"HierarchyPathItem"}],"isGlobalFallback":null,"countryName":{"fi":"Belgia","__typename":"CountryName"}},{"id":"7322550030256","ean":"7322550030256","name":"Blå Band béarnaisekastike 3x32g","price":2.05,"storeId":725782447,"__typename":"Product","approxPrice":false,"basicQuantityUnit":"KPL","comparisonPrice":21.35,"comparisonUnit":"KGM","consumerPackageSize":null,"consumerPackageUnit":null,"priceUnit":"KPL","quantityMultiplier":1,"brandName":"Blå Band","slug":"bla-band-bearnaisekastike-3x32g","isAgeLimitedByAlcohol":false,"frozen":false,"packagingLabels":[],"packagingLabelCodes":[],"hierarchyPath":[{"id":"Herkku_00000453","name":"Kastikeainekset","slug":"oljyt-mausteet-maustaminen-1/maustekastikkeet-ja-tahnat/kastikeainekset","__typename":"HierarchyPathItem"},{"id":"Herkku_00000078","name":"Maustekastikkeet ja tahnat","slug":"oljyt-mausteet-maustaminen-1/maustekastikkeet-ja-tahnat","__typename":"HierarchyPathItem"},{"id":"Herkku_00000011","name":"Öljyt, mausteet, maustaminen","slug":"oljyt-mausteet-maustaminen-1","__typename":"HierarchyPathItem"}],"isGlobalFallback":null,"countryName":{"fi":"Belgia","__typename":"CountryName"}},{"id":"7322550030904","ean":"7322550030904","name":"Blå Band gluteeniton vähälaktoosinen Currykastike 3x30g","price":2.05,"storeId":725782447,"__typename":"Product","approxPrice":false,"basicQuantityUnit":"KPL","comparisonPrice":22.78,"comparisonUnit":"KGM","consumerPackageSize":null,"consumerPackageUnit":null,"priceUnit":"KPL","quantityMultiplier":1,"brandName":"Blå Band","slug":"bla-band-gluteeniton-vahalaktoosinen-currykastike-3x30g","isAgeLimitedByAlcohol":false,"frozen":false,"packagingLabels":[],"packagingLabelCodes":[],"hierarchyPath":[{"id":"Herkku_00000453","name":"Kastikeainekset","slug":"oljyt-mausteet-maustaminen-1/maustekastikkeet-ja-tahnat/kastikeainekset","__typename":"HierarchyPathItem"},{"id":"Herkku_00000078","name":"Maustekastikkeet ja tahnat","slug":"oljyt-mausteet-maustaminen-1/maustekastikkeet-ja-tahnat","__typename":"HierarchyPathItem"},{"id":"Herkku_00000011","name":"Öljyt, mausteet, maustaminen","slug":"oljyt-mausteet-maustaminen-1","__typename":"HierarchyPathItem"}],"isGlobalFallback":null,"countryName":{"fi":"Belgia","__typename":"CountryName"}},{"id":"7322550030911","ean":"7322550030911","name":"Blå Band gluteeniton vähälaktoosinen Pippurikastike 3x28g","price":2.05,"storeId":725782447,"__typename":"Product","approxPrice":false,"basicQuantityUnit":"KPL","comparisonPrice":24.4,"comparisonUnit":"KGM","consumerPackageSize":null,"consumerPackageUnit":null,"priceUnit":"KPL","quantityMultiplier":1,"brandName":"Blå Band","slug":"bla-band-gluteeniton-vahalaktoosinen-pippurikastike-3x28g","isAgeLimitedByAlcohol":false,"frozen":false,"packagingLabels":[],"packagingLabelCodes":[],"hierarchyPath":[{"id":"Herkku_00000453","name":"Kastikeainekset","slug":"oljyt-mausteet-maustaminen-1/maustekastikkeet-ja-tahnat/kastikeainekset","__typename":"HierarchyPathItem"},{"id":"Herkku_00000078","name":"Maustekastikkeet ja tahnat","slug":"oljyt-mausteet-maustaminen-1/maustekastikkeet-ja-tahnat","__typename":"HierarchyPathItem"},{"id":"Herkku_00000011","name":"Öljyt, mausteet, maustaminen","slug":"oljyt-mausteet-maustaminen-1","__typename":"HierarchyPathItem"}],"isGlobalFallback":null,"countryName":{"fi":"Belgia","__typename":"CountryName"}},{"id":"7322550030928","ean":"7322550030928","name":"Blå Band gluteeniton vähälaktoosinen Kermakastike 3x23g","price":2.05,"storeId":725782447,"__typename":"Product","approxPrice":false,"basicQuantityUnit":"KPL","comparisonPrice":29.71,"comparisonUnit":"KGM","consumerPackageSize":null,"consumerPackageUnit":null,"priceUnit":"KPL","quantityMultiplier":1,"brandName":"Blå Band","slug":"bla-band-gluteeniton-vahalaktoosinen-kermakastike-3x23g","isAgeLimitedByAlcohol":false,"frozen":false,"packagingLabels":[],"packagingLabelCodes":[],"hierarchyPath":[{"id":"Herkku_00000453","name":"Kastikeainekset","slug":"oljyt-mausteet-maustaminen-1/maustekastikkeet-ja-tahnat/kastikeainekset","__typename":"HierarchyPathItem"},{"id":"Herkku_00000078","name":"Maustekastikkeet ja tahnat","slug":"oljyt-mausteet-maustaminen-1/maustekastikkeet-ja-tahnat","__typename":"HierarchyPathItem"},{"id":"Herkku_00000011","name":"Öljyt, mausteet, maustaminen","slug":"oljyt-mausteet-maustaminen-1","__typename":"HierarchyPathItem"}],"isGlobalFallback":null,"countryName":{"fi":"Belgia","__typename":"CountryName"}},{"id":"7322550030942","ean":"7322550030942","name":"Blå Band laktoositon Ruskeakastike 3x23g","price":2.05,"storeId":725782447,"__typename":"Product","approxPrice":false,"basicQuantityUnit":"KPL","comparisonPrice":29.71,"comparisonUnit":"KGM","consumerPackageSize":null,"consumerPackageUnit":null,"priceUnit":"KPL","quantityMultiplier":1,"brandName":"Blå Band","slug":"bla-band-laktoositon-ruskeakastike-3x23g","isAgeLimitedByAlcohol":false,"frozen":false,"packagingLabels":[],"packagingLabelCodes":[],"hierarchyPath":[{"id":"Herkku_00000453","name":"Kastikeainekset","slug":"oljyt-mausteet-maustaminen-1/maustekastikkeet-ja-tahnat/kastikeainekset","__typename":"HierarchyPathItem"},{"id":"Herkku_00000078","name":"Maustekastikkeet ja tahnat","slug":"oljyt-mausteet-maustaminen-1/maustekastikkeet-ja-tahnat","__typename":"HierarchyPathItem"},{"id":"Herkku_00000011","name":"Öljyt, mausteet, maustaminen","slug":"oljyt-mausteet-maustaminen-1","__typename":"HierarchyPathItem"}],"isGlobalFallback":null,"countryName":{"fi":"Belgia","__typename":"CountryName"}},{"id":"7322550031215","ean":"7322550031215","name":"Blå Band Mix laktoositon Isoäidin Jauhelihakastikeainekset mausteseos 75g","price":1.69,"storeId":725782447,"__typename":"Product","approxPrice":false,"basicQuantityUnit":"KPL","comparisonPrice":22.53,"comparisonUnit":"KGM","consumerPackageSize":null,"consumerPackageUnit":null,"priceUnit":"KPL","quantityMultiplier":1,"brandName":"Blå Band","slug":"bla-band-mix-laktoositon-isoaidin-jauhelihakastikeainekset-mausteseos-75g","isAgeLimitedByAlcohol":false,"frozen":false,"packagingLabels":[],"packagingLabelCodes":[],"hierarchyPath":[{"id":"Herkku_00000452","name":"Pastakastikkeet","slug":"oljyt-mausteet-maustaminen-1/maustekastikkeet-ja-tahnat/pastakastikkeet","__typename":"HierarchyPathItem"},{"id":"Herkku_00000078","name":"Maustekastikkeet ja tahnat","slug":"oljyt-mausteet-maustaminen-1/maustekastikkeet-ja-tahnat","__typename":"HierarchyPathItem"},{"id":"Herkku_00000011","name":"Öljyt, mausteet, maustaminen","slug":"oljyt-mausteet-maustaminen-1","__typename":"HierarchyPathItem"}],"isGlobalFallback":null,"countryName":{"fi":"Belgia","__typename":"CountryName"}},{"id":"7322550033554","ean":"7322550033554","name":"Blå Band Lämmin Kuppi Crunchy laktoositon Tomaatti-Basilikakeitto  krutongeilla 3x23g","price":1.89,"storeId":725782447,"__typename":"Product","approxPrice":false,"basicQuantityUnit":"KPL","comparisonPrice":27,"comparisonUnit":"KGM","consumerPackageSize":null,"consumerPackageUnit":null,"priceUnit":"KPL","quantityMultiplier":1,"brandName":"Blå Band","slug":"bla-band-lammin-kuppi-crunchy-laktoositon-tomaatti-basilikakeitto-krutongeilla-3x23g","isAgeLimitedByAlcohol":false,"frozen":false,"packagingLabels":[],"packagingLabelCodes":[],"hierarchyPath":[{"id":"Herkku_00000472","name":"Kuppikeitot","slug":"kuivatuotteet-ja-leivonta-1/ateria-ainekset/kuppikeitot","__typename":"HierarchyPathItem"},{"id":"Herkku_00000087","name":"Ateria-ainekset","slug":"kuivatuotteet-ja-leivonta-1/ateria-ainekset","__typename":"HierarchyPathItem"},{"id":"Herkku_00000007","name":"Kuivatuotteet ja leivonta","slug":"kuivatuotteet-ja-leivonta-1","__typename":"HierarchyPathItem"}],"isGlobalFallback":null,"countryName":{"fi":"Belgia","__typename":"CountryName"}},{"id":"7322550035442","ean":"7322550035442","name":"Blå Band Mix laktoositon Spagettikastikeainekset mausteseos 58g","price":1.69,"storeId":725782447,"__typename":"Product","approxPrice":false,"basicQuantityUnit":"KPL","comparisonPrice":29.14,"comparisonUnit":"KGM","consumerPackageSize":null,"consumerPackageUnit":null,"priceUnit":"KPL","quantityMultiplier":1,"brandName":"Blå Band","slug":"bla-band-mix-laktoositon-spagettikastikeainekset-mausteseos-58g","isAgeLimitedByAlcohol":false,"frozen":false,"packagingLabels":[],"packagingLabelCodes":[],"hierarchyPath":[{"id":"Herkku_00000452","name":"Pastakastikkeet","slug":"oljyt-mausteet-maustaminen-1/maustekastikkeet-ja-tahnat/pastakastikkeet","__typename":"HierarchyPathItem"},{"id":"Herkku_00000078","name":"Maustekastikkeet ja tahnat","slug":"oljyt-mausteet-maustaminen-1/maustekastikkeet-ja-tahnat","__typename":"HierarchyPathItem"},{"id":"Herkku_00000011","name":"Öljyt, mausteet, maustaminen","slug":"oljyt-mausteet-maustaminen-1","__typename":"HierarchyPathItem"}],"isGlobalFallback":null,"countryName":{"fi":"Belgia","__typename":"CountryName"}},{"id":"7322550035558","ean":"7322550035558","name":"Blå Band Meal Cup Tasty Bolognese Bolognese-Pasta-ateria 70g","price":1.49,"storeId":725782447,"__typename":"Product","approxPrice":false,"basicQuantityUnit":"KPL","comparisonPrice":21.29,"comparisonUnit":"KGM","consumerPackageSize":null,"consumerPackageUnit":null,"priceUnit":"KPL","quantityMultiplier":1,"brandName":"Blå Band","slug":"bla-band-meal-cup-tasty-bolognese-bolognese-pasta-ateria-70g","isAgeLimitedByAlcohol":false,"frozen":false,"packagingLabels":[],"packagingLabelCodes":[],"hierarchyPath":[{"id":"Herkku_00000467","name":"Valmiit ateriaratkaisut","slug":"kuivatuotteet-ja-leivonta-1/ateria-ainekset/valmiit-ateriaratkaisut","__typename":"HierarchyPathItem"},{"id":"Herkku_00000087","name":"Ateria-ainekset","slug":"kuivatuotteet-ja-leivonta-1/ateria-ainekset","__typename":"HierarchyPathItem"},{"id":"Herkku_00000007","name":"Kuivatuotteet ja leivonta","slug":"kuivatuotteet-ja-leivonta-1","__typename":"HierarchyPathItem"}],"isGlobalFallback":null,"countryName":{"fi":"Saksa","__typename":"CountryName"}},{"id":"7322550035978","ean":"7322550035978","name":"Blå Band vähälaktoosinen Kanarisotto riisi-kasvis-mausteseos 172g","price":2.49,"storeId":725782447,"__typename":"Product","approxPrice":false,"basicQuantityUnit":"KPL","comparisonPrice":14.48,"comparisonUnit":"KGM","consumerPackageSize":null,"consumerPackageUnit":null,"priceUnit":"KPL","quantityMultiplier":1,"brandName":"Blå Band","slug":"bla-band-vahalaktoosinen-kanarisotto-riisi-kasvis-mausteseos-172g","isAgeLimitedByAlcohol":false,"frozen":false,"packagingLabels":[],"packagingLabelCodes":[],"hierarchyPath":[{"id":"Herkku_00000468","name":"Pata-ainekset","slug":"kuivatuotteet-ja-leivonta-1/ateria-ainekset/pata-ainekset","__typename":"HierarchyPathItem"},{"id":"Herkku_00000087","name":"Ateria-ainekset","slug":"kuivatuotteet-ja-leivonta-1/ateria-ainekset","__typename":"HierarchyPathItem"},{"id":"Herkku_00000007","name":"Kuivatuotteet ja leivonta","slug":"kuivatuotteet-ja-leivonta-1","__typename":"HierarchyPathItem"}],"isGlobalFallback":null,"countryName":{"fi":"Belgia","__typename":"CountryName"}},{"id":"7322550037262","ean":"7322550037262","name":"Blå Band Kantarellikeitto 69g","price":1.55,"storeId":725782447,"__typename":"Product","approxPrice":false,"basicQuantityUnit":"KPL","comparisonPrice":22.46,"comparisonUnit":"KGM","consumerPackageSize":null,"consumerPackageUnit":null,"priceUnit":"KPL","quantityMultiplier":1,"brandName":"Blå Band","slug":"bla-band-kantarellikeitto-69g","isAgeLimitedByAlcohol":false,"frozen":false,"packagingLabels":[],"packagingLabelCodes":[],"hierarchyPath":[{"id":"Herkku_00000473","name":"Pussikeitot","slug":"kuivatuotteet-ja-leivonta-1/ateria-ainekset/pussikeitot","__typename":"HierarchyPathItem"},{"id":"Herkku_00000087","name":"Ateria-ainekset","slug":"kuivatuotteet-ja-leivonta-1/ateria-ainekset","__typename":"HierarchyPathItem"},{"id":"Herkku_00000007","name":"Kuivatuotteet ja leivonta","slug":"kuivatuotteet-ja-leivonta-1","__typename":"HierarchyPathItem"}],"isGlobalFallback":null,"countryName":{"fi":"Belgia","__typename":"CountryName"}},{"id":"7322550037514","ean":"7322550037514","name":"Blå Band Lämmin Kuppi laktoositon Suurustettu Kanakeitto 3x20g","price":1.89,"storeId":725782447,"__typename":"Product","approxPrice":false,"basicQuantityUnit":"KPL","comparisonPrice":31.5,"comparisonUnit":"KGM","consumerPackageSize":null,"consumerPackageUnit":null,"priceUnit":"KPL","quantityMultiplier":1,"brandName":"Blå Band","slug":"bla-band-lammin-kuppi-laktoositon-suurustettu-kanakeitto-3x20g","isAgeLimitedByAlcohol":false,"frozen":false,"packagingLabels":[],"packagingLabelCodes":[],"hierarchyPath":[{"id":"Herkku_00000472","name":"Kuppikeitot","slug":"kuivatuotteet-ja-leivonta-1/ateria-ainekset/kuppikeitot","__typename":"HierarchyPathItem"},{"id":"Herkku_00000087","name":"Ateria-ainekset","slug":"kuivatuotteet-ja-leivonta-1/ateria-ainekset","__typename":"HierarchyPathItem"},{"id":"Herkku_00000007","name":"Kuivatuotteet ja leivonta","slug":"kuivatuotteet-ja-leivonta-1","__typename":"HierarchyPathItem"}],"isGlobalFallback":null,"countryName":{"fi":"Espanja","__typename":"CountryName"}},{"id":"7322550037538","ean":"7322550037538","name":"Blå Band Lämmin Kuppi vähälaktoosinen Juusto-Parsakaalikeitto 3x23g","price":1.89,"storeId":725782447,"__typename":"Product","approxPrice":false,"basicQuantityUnit":"KPL","comparisonPrice":27.39,"comparisonUnit":"KGM","consumerPackageSize":null,"consumerPackageUnit":null,"priceUnit":"KPL","quantityMultiplier":1,"brandName":"Blå Band","slug":"bla-band-lammin-kuppi-vahalaktoosinen-juusto-parsakaalikeitto-3x23g","isAgeLimitedByAlcohol":false,"frozen":false,"packagingLabels":[],"packagingLabelCodes":[],"hierarchyPath":[{"id":"Herkku_00000472","name":"Kuppikeitot","slug":"kuivatuotteet-ja-leivonta-1/ateria-ainekset/kuppikeitot","__typename":"HierarchyPathItem"},{"id":"Herkku_00000087","name":"Ateria-ainekset","slug":"kuivatuotteet-ja-leivonta-1/ateria-ainekset","__typename":"HierarchyPathItem"},{"id":"Herkku_00000007","name":"Kuivatuotteet ja leivonta","slug":"kuivatuotteet-ja-leivonta-1","__typename":"HierarchyPathItem"}],"isGlobalFallback":null,"countryName":{"fi":"Belgia","__typename":"CountryName"}},{"id":"7322550037651","ean":"7322550037651","name":"Blå Band Lämmin Kuppi laktoositon Kana-Tandoorikeitto 3x21g","price":1.89,"storeId":725782447,"__typename":"Product","approxPrice":false,"basicQuantityUnit":"KPL","comparisonPrice":30,"comparisonUnit":"KGM","consumerPackageSize":null,"consumerPackageUnit":null,"priceUnit":"KPL","quantityMultiplier":1,"brandName":"Blå Band","slug":"bla-band-lammin-kuppi-laktoositon-kana-tandoorikeitto-3x21g","isAgeLimitedByAlcohol":false,"frozen":false,"packagingLabels":[],"packagingLabelCodes":[],"hierarchyPath":[{"id":"Herkku_00000472","name":"Kuppikeitot","slug":"kuivatuotteet-ja-leivonta-1/ateria-ainekset/kuppikeitot","__typename":"HierarchyPathItem"},{"id":"Herkku_00000087","name":"Ateria-ainekset","slug":"kuivatuotteet-ja-leivonta-1/ateria-ainekset","__typename":"HierarchyPathItem"},{"id":"Herkku_00000007","name":"Kuivatuotteet ja leivonta","slug":"kuivatuotteet-ja-leivonta-1","__typename":"HierarchyPathItem"}],"isGlobalFallback":null,"countryName":{"fi":"Belgia","__typename":"CountryName"}},{"id":"7322550037682","ean":"7322550037682","name":"Blå Band Lämmin Kuppi vähälaktoosinen Kantarellikeitto 3x20g","price":1.89,"storeId":725782447,"__typename":"Product","approxPrice":false,"basicQuantityUnit":"KPL","comparisonPrice":30.48,"comparisonUnit":"KGM","consumerPackageSize":null,"consumerPackageUnit":null,"priceUnit":"KPL","quantityMultiplier":1,"brandName":"Blå Band","slug":"bla-band-lammin-kuppi-vahalaktoosinen-kantarellikeitto-3x20g","isAgeLimitedByAlcohol":false,"frozen":false,"packagingLabels":[],"packagingLabelCodes":[],"hierarchyPath":[{"id":"Herkku_00000472","name":"Kuppikeitot","slug":"kuivatuotteet-ja-leivonta-1/ateria-ainekset/kuppikeitot","__typename":"HierarchyPathItem"},{"id":"Herkku_00000087","name":"Ateria-ainekset","slug":"kuivatuotteet-ja-leivonta-1/ateria-ainekset","__typename":"HierarchyPathItem"},{"id":"Herkku_00000007","name":"Kuivatuotteet ja leivonta","slug":"kuivatuotteet-ja-leivonta-1","__typename":"HierarchyPathItem"}],"isGlobalFallback":null,"countryName":{"fi":"Belgia","__typename":"CountryName"}},{"id":"7322550037743","ean":"7322550037743","name":"Blå Band Lämmin Kuppi vähälaktoosinen Tomaatti-Vuohenjuustokeitto 3x20g","price":1.89,"storeId":725782447,"__typename":"Product","approxPrice":false,"basicQuantityUnit":"KPL","comparisonPrice":31.5,"comparisonUnit":"KGM","consumerPackageSize":null,"consumerPackageUnit":null,"priceUnit":"KPL","quantityMultiplier":1,"brandName":"Blå Band","slug":"bla-band-lammin-kuppi-vahalaktoosinen-tomaatti-vuohenjuustokeitto-3x20g","isAgeLimitedByAlcohol":false,"frozen":false,"packagingLabels":[],"packagingLabelCodes":[],"hierarchyPath":[{"id":"Herkku_00000472","name":"Kuppikeitot","slug":"kuivatuotteet-ja-leivonta-1/ateria-ainekset/kuppikeitot","__typename":"HierarchyPathItem"},{"id":"Herkku_00000087","name":"Ateria-ainekset","slug":"kuivatuotteet-ja-leivonta-1/ateria-ainekset","__typename":"HierarchyPathItem"},{"id":"Herkku_00000007","name":"Kuivatuotteet ja leivonta","slug":"kuivatuotteet-ja-leivonta-1","__typename":"HierarchyPathItem"}],"isGlobalFallback":null,"countryName":{"fi":"Belgia","__typename":"CountryName"}},{"id":"7322550038306","ean":"7322550038306","name":"Blå Band laktoositon Italian Pata Spagetti-kasvis-mausteseos 150g","price":2.49,"storeId":725782447,"__typename":"Product","approxPrice":false,"basicQuantityUnit":"KPL","comparisonPrice":16.6,"comparisonUnit":"KGM","consumerPackageSize":null,"consumerPackageUnit":null,"priceUnit":"KPL","quantityMultiplier":1,"brandName":"Blå Band","slug":"bla-band-laktoositon-italian-pata-spagetti-kasvis-mausteseos-150g","isAgeLimitedByAlcohol":false,"frozen":false,"packagingLabels":[],"packagingLabelCodes":[],"hierarchyPath":[{"id":"Herkku_00000468","name":"Pata-ainekset","slug":"kuivatuotteet-ja-leivonta-1/ateria-ainekset/pata-ainekset","__typename":"HierarchyPathItem"},{"id":"Herkku_00000087","name":"Ateria-ainekset","slug":"kuivatuotteet-ja-leivonta-1/ateria-ainekset","__typename":"HierarchyPathItem"},{"id":"Herkku_00000007","name":"Kuivatuotteet ja leivonta","slug":"kuivatuotteet-ja-leivonta-1","__typename":"HierarchyPathItem"}],"isGlobalFallback":null,"countryName":{"fi":"Belgia","__typename":"CountryName"}},{"id":"7322550038313","ean":"7322550038313","name":"Blå Band laktoositon Hawaian Pata Riisi-kasvis-mausteseos 195g","price":2.49,"storeId":725782447,"__typename":"Product","approxPrice":false,"basicQuantityUnit":"KPL","comparisonPrice":12.77,"comparisonUnit":"KGM","consumerPackageSize":null,"consumerPackageUnit":null,"priceUnit":"KPL","quantityMultiplier":1,"brandName":"Blå Band","slug":"bla-band-laktoositon-hawaian-pata-riisi-kasvis-mausteseos-195g","isAgeLimitedByAlcohol":false,"frozen":false,"packagingLabels":[],"packagingLabelCodes":[],"hierarchyPath":[{"id":"Herkku_00000468","name":"Pata-ainekset","slug":"kuivatuotteet-ja-leivonta-1/ateria-ainekset/pata-ainekset","__typename":"HierarchyPathItem"},{"id":"Herkku_00000087","name":"Ateria-ainekset","slug":"kuivatuotteet-ja-leivonta-1/ateria-ainekset","__typename":"HierarchyPathItem"},{"id":"Herkku_00000007","name":"Kuivatuotteet ja leivonta","slug":"kuivatuotteet-ja-leivonta-1","__typename":"HierarchyPathItem"}],"isGlobalFallback":null,"countryName":{"fi":"Belgia","__typename":"CountryName"}},{"id":"7322550038337","ean":"7322550038337","name":"Blå Band laktoositon Napolitan Pata Pasta-kasvis-mausteseos 170g","price":2.49,"storeId":725782447,"__typename":"Product","approxPrice":false,"basicQuantityUnit":"KPL","comparisonPrice":14.65,"comparisonUnit":"KGM","consumerPackageSize":null,"consumerPackageUnit":null,"priceUnit":"KPL","quantityMultiplier":1,"brandName":"Blå Band","slug":"bla-band-laktoositon-napolitan-pata-pasta-kasvis-mausteseos-170g","isAgeLimitedByAlcohol":false,"frozen":false,"packagingLabels":[],"packagingLabelCodes":[],"hierarchyPath":[{"id":"Herkku_00000468","name":"Pata-ainekset","slug":"kuivatuotteet-ja-leivonta-1/ateria-ainekset/pata-ainekset","__typename":"HierarchyPathItem"},{"id":"Herkku_00000087","name":"Ateria-ainekset","slug":"kuivatuotteet-ja-leivonta-1/ateria-ainekset","__typename":"HierarchyPathItem"},{"id":"Herkku_00000007","name":"Kuivatuotteet ja leivonta","slug":"kuivatuotteet-ja-leivonta-1","__typename":"HierarchyPathItem"}],"isGlobalFallback":null,"countryName":{"fi":"Belgia","__typename":"CountryName"}},{"id":"7322550038405","ean":"7322550038405","name":"Blå Band laktoositon Täysjyvä Italian Pata Täysjyväspagetti-kasvis-mausteseos 150g","price":2.89,"storeId":725782447,"__typename":"Product","approxPrice":false,"basicQuantityUnit":"KPL","comparisonPrice":19.27,"comparisonUnit":"KGM","consumerPackageSize":null,"consumerPackageUnit":null,"priceUnit":"KPL","quantityMultiplier":1,"brandName":"Blå Band","slug":"bla-band-laktoositon-taysjyva-italian-pata-taysjyvaspagetti-kasvis-mausteseos-150g","isAgeLimitedByAlcohol":false,"frozen":false,"packagingLabels":[],"packagingLabelCodes":[],"hierarchyPath":[{"id":"Herkku_00000468","name":"Pata-ainekset","slug":"kuivatuotteet-ja-leivonta-1/ateria-ainekset/pata-ainekset","__typename":"HierarchyPathItem"},{"id":"Herkku_00000087","name":"Ateria-ainekset","slug":"kuivatuotteet-ja-leivonta-1/ateria-ainekset","__typename":"HierarchyPathItem"},{"id":"Herkku_00000007","name":"Kuivatuotteet ja leivonta","slug":"kuivatuotteet-ja-leivonta-1","__typename":"HierarchyPathItem"}],"isGlobalFallback":null,"countryName":{"fi":"Belgia","__typename":"CountryName"}},{"id":"7322550052005","ean":"7322550052005","name":"Blå Band vähälaktoosinen Vanhan ajan Vaniljakastike 2x63g","price":1.49,"storeId":725782447,"__typename":"Product","approxPrice":false,"basicQuantityUnit":"KPL","comparisonPrice":11.83,"comparisonUnit":"KGM","consumerPackageSize":null,"consumerPackageUnit":null,"priceUnit":"KPL","quantityMultiplier":1,"brandName":"Blå Band","slug":"bla-band-vahalaktoosinen-vanhan-ajan-vaniljakastike-2x63g","isAgeLimitedByAlcohol":false,"frozen":false,"packagingLabels":[],"packagingLabelCodes":[],"hierarchyPath":[{"id":"Herkku_00000457","name":"Valmistettavat jälkiruokakastikkeet","slug":"kuivatuotteet-ja-leivonta-1/jalkiruoat/valmistettavat-jalkiruokakastikkeet","__typename":"HierarchyPathItem"},{"id":"Herkku_00000085","name":"Jälkiruoat","slug":"kuivatuotteet-ja-leivonta-1/jalkiruoat","__typename":"HierarchyPathItem"},{"id":"Herkku_00000007","name":"Kuivatuotteet ja leivonta","slug":"kuivatuotteet-ja-leivonta-1","__typename":"HierarchyPathItem"}],"isGlobalFallback":null,"countryName":{"fi":"Belgia","__typename":"CountryName"}},{"id":"7330242200702","ean":"7330242200702","name":"Fria Korvapuusti gluteeniton pakaste 280g/10kpl","price":4.5,"storeId":725782447,"__typename":"Product","approxPrice":false,"basicQuantityUnit":"KPL","comparisonPrice":16.07,"comparisonUnit":"KGM","consumerPackageSize":null,"consumerPackageUnit":null,"priceUnit":"KPL","quantityMultiplier":1,"brandName":"Fria","slug":"fria-korvapuusti-gluteeniton-pakaste-280g10kpl","isAgeLimitedByAlcohol":false,"frozen":true,"packagingLabels":["Gluteeniton elintarvike (yliviivattu tähkä)"],"packagingLabelCodes":["CROSSED_GRAIN_SYMBOL"],"hierarchyPath":[{"id":"1591691225974004","name":"Kakut, pullat ja leivokset","slug":"pakasteet-1/leivonnais-ja-leipapakasteet/kakut-pullat-ja-leivokset","__typename":"HierarchyPathItem"},{"id":"Herkku_00000125","name":"Leivonnais- ja leipäpakasteet","slug":"pakasteet-1/leivonnais-ja-leipapakasteet","__typename":"HierarchyPathItem"},{"id":"Herkku_00000013","name":"Pakasteet","slug":"pakasteet-1","__typename":"HierarchyPathItem"}],"isGlobalFallback":null,"countryName":{"fi":"Ruotsi","__typename":"CountryName"}},{"id":"7330968050056","ean":"7330968050056","name":"SamMills Pasta d'oro 500g Makaroner luontaisesti gluteeniton pasta","price":2.5,"storeId":725782447,"__typename":"Product","approxPrice":false,"basicQuantityUnit":"KPL","comparisonPrice":5,"comparisonUnit":"KGM","consumerPackageSize":null,"consumerPackageUnit":null,"priceUnit":"KPL","quantityMultiplier":1,"brandName":"Sam Mills","slug":"sammills-pasta-doro-500g-makaroner-luontaisesti-gluteeniton-pasta","isAgeLimitedByAlcohol":false,"frozen":false,"packagingLabels":["Gluteeniton elintarvike (yliviivattu tähkä)"],"packagingLabelCodes":["CROSSED_GRAIN_SYMBOL"],"hierarchyPath":[{"id":"Herkku_00000494","name":"Makaronit","slug":"kuivatuotteet-ja-leivonta-1/riisit-pastat-ja-nuudelit/makaronit","__typename":"HierarchyPathItem"},{"id":"Herkku_00000088","name":"Riisit, pastat ja nuudelit","slug":"kuivatuotteet-ja-leivonta-1/riisit-pastat-ja-nuudelit","__typename":"HierarchyPathItem"},{"id":"Herkku_00000007","name":"Kuivatuotteet ja leivonta","slug":"kuivatuotteet-ja-leivonta-1","__typename":"HierarchyPathItem"}],"isGlobalFallback":null,"countryName":{"fi":"Romania","__typename":"CountryName"}},{"id":"7331217011828","ean":"7331217011828","name":"Rainbow 670/350g venäläinen suolakurkku","price":2.49,"storeId":725782447,"__typename":"Product","approxPrice":false,"basicQuantityUnit":"KPL","comparisonPrice":7.11,"comparisonUnit":"KGM","consumerPackageSize":null,"consumerPackageUnit":null,"priceUnit":"KPL","quantityMultiplier":1,"brandName":"Rainbow","slug":"rainbow-670350g-venalainen-suolakurkku","isAgeLimitedByAlcohol":false,"frozen":false,"packagingLabels":[],"packagingLabelCodes":[],"hierarchyPath":[{"id":"Herkku_00000357","name":"Kasvissäilykkeet","slug":"kuivatuotteet-ja-leivonta-1/sailykkeet/kasvissailykkeet","__typename":"HierarchyPathItem"},{"id":"Herkku_00000063","name":"Säilykkeet","slug":"kuivatuotteet-ja-leivonta-1/sailykkeet","__typename":"HierarchyPathItem"},{"id":"Herkku_00000007","name":"Kuivatuotteet ja leivonta","slug":"kuivatuotteet-ja-leivonta-1","__typename":"HierarchyPathItem"}],"isGlobalFallback":null,"countryName":{"fi":"Puola","__typename":"CountryName"}},{"id":"7331217012993","ean":"7331217012993","name":"Sevan Hummus Original 275g","price":3.39,"storeId":725782447,"__typename":"Product","approxPrice":false,"basicQuantityUnit":"KPL","comparisonPrice":12.33,"comparisonUnit":"KGM","consumerPackageSize":null,"consumerPackageUnit":null,"priceUnit":"KPL","quantityMultiplier":1,"brandName":"Sevan","slug":"sevan-hummus-original-275g","isAgeLimitedByAlcohol":false,"frozen":false,"packagingLabels":[],"packagingLabelCodes":[],"hierarchyPath":[{"id":"1591691237300198","name":"Muu valmisruoka","slug":"valmisruoka-1/valmisateriat-ja-keitot/muu-valmisruoka","__typename":"HierarchyPathItem"},{"id":"1591691237074396","name":"Valmisateriat ja -keitot","slug":"valmisruoka-1/valmisateriat-ja-keitot","__typename":"HierarchyPathItem"},{"id":"StructureGroup_1356670909914497","name":"Valmisruoka","slug":"valmisruoka-1","__typename":"HierarchyPathItem"}],"isGlobalFallback":null,"countryName":{"fi":"Ruotsi","__typename":"CountryName"}},{"id":"7336012472508","ean":"7336012472508","name":"Friskies 2kg Adult Nautaa, Kanaa ja Kasviksia kissanruoka","price":6.59,"storeId":725782447,"__typename":"Product","approxPrice":false,"basicQuantityUnit":"KPL","comparisonPrice":3.3,"comparisonUnit":"KGM","consumerPackageSize":null,"consumerPackageUnit":null,"priceUnit":"KPL","quantityMultiplier":1,"brandName":"Friskies","slug":"friskies-2kg-adult-nautaa-kanaa-ja-kasviksia-kissanruoka","isAgeLimitedByAlcohol":false,"frozen":false,"packagingLabels":[],"packagingLabelCodes":[],"hierarchyPath":[{"id":"Herkku_00000536","name":"Kissan kuiva ruoka","slug":"lemmikit-1/kissanruoat/kissan-kuiva-ruoka","__typename":"HierarchyPathItem"},{"id":"Herkku_00000101","name":"Kissanruoat","slug":"lemmikit-1/kissanruoat","__typename":"HierarchyPathItem"},{"id":"Herkku_00000012","name":"Lemmikit","slug":"lemmikit-1","__typename":"HierarchyPathItem"}],"isGlobalFallback":null,"countryName":{"fi":"Ranska","__typename":"CountryName"}},{"id":"7336012955001","ean":"7336012955001","name":"Friskies 4kg Adult Nautaa koiranruoka","price":7.9,"storeId":725782447,"__typename":"Product","approxPrice":false,"basicQuantityUnit":"KPL","comparisonPrice":1.98,"comparisonUnit":"KGM","consumerPackageSize":null,"consumerPackageUnit":null,"priceUnit":"KPL","quantityMultiplier":1,"brandName":"Friskies","slug":"friskies-4kg-adult-nautaa-koiranruoka","isAgeLimitedByAlcohol":false,"frozen":false,"packagingLabels":[],"packagingLabelCodes":[],"hierarchyPath":[{"id":"Herkku_00000539","name":"Koiran kuiva ruoka","slug":"lemmikit-1/koiranruoat/koiran-kuiva-ruoka","__typename":"HierarchyPathItem"},{"id":"Herkku_00000102","name":"Koiranruoat","slug":"lemmikit-1/koiranruoat","__typename":"HierarchyPathItem"},{"id":"Herkku_00000012","name":"Lemmikit","slug":"lemmikit-1","__typename":"HierarchyPathItem"}],"isGlobalFallback":null,"countryName":{"fi":"Unkari","__typename":"CountryName"}},{"id":"7340001800227","ean":"7340001800227","name":"55g Barebells Caramel-Cashew -makuinen proteiinipatukka","price":3.09,"storeId":725782447,"__typename":"Product","approxPrice":false,"basicQuantityUnit":"KPL","comparisonPrice":56.18,"comparisonUnit":"KGM","consumerPackageSize":null,"consumerPackageUnit":null,"priceUnit":"KPL","quantityMultiplier":1,"brandName":"Barebells","slug":"55g-barebells-caramel-cashew-makuinen-proteiinipatukka","isAgeLimitedByAlcohol":false,"frozen":false,"packagingLabels":[],"packagingLabelCodes":[],"hierarchyPath":[{"id":"Herkku_00000979","name":"Proteiinipatukat","slug":"luontaistuotteet-ja-lisaravinteet-1/urheiluravinnepatukat/proteiinipatukat","__typename":"HierarchyPathItem"},{"id":"Herkku_00000159","name":"Urheiluravinnepatukat","slug":"luontaistuotteet-ja-lisaravinteet-1/urheiluravinnepatukat","__typename":"HierarchyPathItem"},{"id":"Herkku_00000016","name":"Luontaistuotteet ja lisäravinteet","slug":"luontaistuotteet-ja-lisaravinteet-1","__typename":"HierarchyPathItem"}],"isGlobalFallback":null,"countryName":{"fi":"Kroatia","__typename":"CountryName"}},{"id":"7340001800715","ean":"7340001800715","name":"55g Barebells Salty Peanut -makuinen proteiinipatukka","price":3.09,"storeId":725782447,"__typename":"Product","approxPrice":false,"basicQuantityUnit":"KPL","comparisonPrice":56.18,"comparisonUnit":"KGM","consumerPackageSize":null,"consumerPackageUnit":null,"priceUnit":"KPL","quantityMultiplier":1,"brandName":"Barebells","slug":"55g-barebells-salty-peanut-makuinen-proteiinipatukka","isAgeLimitedByAlcohol":false,"frozen":false,"packagingLabels":[],"packagingLabelCodes":[],"hierarchyPath":[{"id":"Herkku_00000979","name":"Proteiinipatukat","slug":"luontaistuotteet-ja-lisaravinteet-1/urheiluravinnepatukat/proteiinipatukat","__typename":"HierarchyPathItem"},{"id":"Herkku_00000159","name":"Urheiluravinnepatukat","slug":"luontaistuotteet-ja-lisaravinteet-1/urheiluravinnepatukat","__typename":"HierarchyPathItem"},{"id":"Herkku_00000016","name":"Luontaistuotteet ja lisäravinteet","slug":"luontaistuotteet-ja-lisaravinteet-1","__typename":"HierarchyPathItem"}],"isGlobalFallback":null,"countryName":{"fi":"Kroatia","__typename":"CountryName"}},{"id":"7340001801071","ean":"7340001801071","name":"55g Barebells White Chocolate Almond proteiinipatukka","price":3.09,"storeId":725782447,"__typename":"Product","approxPrice":false,"basicQuantityUnit":"KPL","comparisonPrice":56.18,"comparisonUnit":"KGM","consumerPackageSize":null,"consumerPackageUnit":null,"priceUnit":"KPL","quantityMultiplier":1,"brandName":"Barebells","slug":"55g-barebells-white-chocolate-almond-proteiinipatukka","isAgeLimitedByAlcohol":false,"frozen":false,"packagingLabels":[],"packagingLabelCodes":[],"hierarchyPath":[{"id":"Herkku_00000979","name":"Proteiinipatukat","slug":"luontaistuotteet-ja-lisaravinteet-1/urheiluravinnepatukat/proteiinipatukat","__typename":"HierarchyPathItem"},{"id":"Herkku_00000159","name":"Urheiluravinnepatukat","slug":"luontaistuotteet-ja-lisaravinteet-1/urheiluravinnepatukat","__typename":"HierarchyPathItem"},{"id":"Herkku_00000016","name":"Luontaistuotteet ja lisäravinteet","slug":"luontaistuotteet-ja-lisaravinteet-1","__typename":"HierarchyPathItem"}],"isGlobalFallback":null,"countryName":{"fi":"Kroatia","__typename":"CountryName"}},{"id":"7340001804003","ean":"7340001804003","name":"55g Barebells White Salty Peanut proteiinipatukka","price":3.09,"storeId":725782447,"__typename":"Product","approxPrice":false,"basicQuantityUnit":"KPL","comparisonPrice":56.18,"comparisonUnit":"PCE","consumerPackageSize":null,"consumerPackageUnit":null,"priceUnit":"KPL","quantityMultiplier":1,"brandName":"Barebells","slug":"55g-barebells-white-salty-peanut-proteiinipatukka","isAgeLimitedByAlcohol":false,"frozen":false,"packagingLabels":[],"packagingLabelCodes":[],"hierarchyPath":[{"id":"Herkku_00000979","name":"Proteiinipatukat","slug":"luontaistuotteet-ja-lisaravinteet-1/urheiluravinnepatukat/proteiinipatukat","__typename":"HierarchyPathItem"},{"id":"Herkku_00000159","name":"Urheiluravinnepatukat","slug":"luontaistuotteet-ja-lisaravinteet-1/urheiluravinnepatukat","__typename":"HierarchyPathItem"},{"id":"Herkku_00000016","name":"Luontaistuotteet ja lisäravinteet","slug":"luontaistuotteet-ja-lisaravinteet-1","__typename":"HierarchyPathItem"}],"isGlobalFallback":null,"countryName":{"fi":"Kroatia","__typename":"CountryName"}},{"id":"7340001804409","ean":"7340001804409","name":"55g Barebells Soft Marshmallow Rocky Road proteiinipatukka","price":3.09,"storeId":725782447,"__typename":"Product","approxPrice":false,"basicQuantityUnit":"KPL","comparisonPrice":56.18,"comparisonUnit":"KGM","consumerPackageSize":null,"consumerPackageUnit":null,"priceUnit":"KPL","quantityMultiplier":1,"brandName":"Barebells","slug":"55g-barebells-soft-marshmallow-rocky-road-proteiinipatukka","isAgeLimitedByAlcohol":false,"frozen":false,"packagingLabels":[],"packagingLabelCodes":[],"hierarchyPath":[{"id":"Herkku_00000979","name":"Proteiinipatukat","slug":"luontaistuotteet-ja-lisaravinteet-1/urheiluravinnepatukat/proteiinipatukat","__typename":"HierarchyPathItem"},{"id":"Herkku_00000159","name":"Urheiluravinnepatukat","slug":"luontaistuotteet-ja-lisaravinteet-1/urheiluravinnepatukat","__typename":"HierarchyPathItem"},{"id":"Herkku_00000016","name":"Luontaistuotteet ja lisäravinteet","slug":"luontaistuotteet-ja-lisaravinteet-1","__typename":"HierarchyPathItem"}],"isGlobalFallback":null,"countryName":{"fi":"Kroatia","__typename":"CountryName"}},{"id":"7340001804522","ean":"7340001804522","name":"55g Barebells Soft Caramel Choco proteiinipatukka","price":3.09,"storeId":725782447,"__typename":"Product","approxPrice":false,"basicQuantityUnit":"KPL","comparisonPrice":56.18,"comparisonUnit":"KGM","consumerPackageSize":null,"consumerPackageUnit":null,"priceUnit":"KPL","quantityMultiplier":1,"brandName":"Barebells","slug":"55g-barebells-soft-caramel-choco-proteiinipatukka","isAgeLimitedByAlcohol":false,"frozen":false,"packagingLabels":[],"packagingLabelCodes":[],"hierarchyPath":[{"id":"Herkku_00000979","name":"Proteiinipatukat","slug":"luontaistuotteet-ja-lisaravinteet-1/urheiluravinnepatukat/proteiinipatukat","__typename":"HierarchyPathItem"},{"id":"Herkku_00000159","name":"Urheiluravinnepatukat","slug":"luontaistuotteet-ja-lisaravinteet-1/urheiluravinnepatukat","__typename":"HierarchyPathItem"},{"id":"Herkku_00000016","name":"Luontaistuotteet ja lisäravinteet","slug":"luontaistuotteet-ja-lisaravinteet-1","__typename":"HierarchyPathItem"}],"isGlobalFallback":null,"countryName":{"fi":"Kroatia","__typename":"CountryName"}},{"id":"7340001804812","ean":"7340001804812","name":"55g Barebells Soft Salted Peanut Caramel proteiinipatukka","price":3.09,"storeId":725782447,"__typename":"Product","approxPrice":false,"basicQuantityUnit":"KPL","comparisonPrice":56.18,"comparisonUnit":"KGM","consumerPackageSize":null,"consumerPackageUnit":null,"priceUnit":"KPL","quantityMultiplier":1,"brandName":"Barebells","slug":"55g-barebells-soft-salted-peanut-caramel-proteiinipatukka","isAgeLimitedByAlcohol":false,"frozen":false,"packagingLabels":[],"packagingLabelCodes":[],"hierarchyPath":[{"id":"Herkku_00000979","name":"Proteiinipatukat","slug":"luontaistuotteet-ja-lisaravinteet-1/urheiluravinnepatukat/proteiinipatukat","__typename":"HierarchyPathItem"},{"id":"Herkku_00000159","name":"Urheiluravinnepatukat","slug":"luontaistuotteet-ja-lisaravinteet-1/urheiluravinnepatukat","__typename":"HierarchyPathItem"},{"id":"Herkku_00000016","name":"Luontaistuotteet ja lisäravinteet","slug":"luontaistuotteet-ja-lisaravinteet-1","__typename":"HierarchyPathItem"}],"isGlobalFallback":null,"countryName":{"fi":"Kroatia","__typename":"CountryName"}},{"id":"7340011300021","ean":"7340011300021","name":"Xtra 500g juustoraaste 23% rasvaa","price":6.25,"storeId":725782447,"__typename":"Product","approxPrice":false,"basicQuantityUnit":"KPL","comparisonPrice":12.5,"comparisonUnit":"KGM","consumerPackageSize":null,"consumerPackageUnit":null,"priceUnit":"KPL","quantityMultiplier":1,"brandName":"Xtra","slug":"xtra-500g-juustoraaste-23-rasvaa","isAgeLimitedByAlcohol":false,"frozen":false,"packagingLabels":[],"packagingLabelCodes":[],"hierarchyPath":[{"id":"1591691244827924","name":"Juustoraasteet","slug":"juustot-0/ruoka-ja-herkuttelujuustot/juustoraasteet","__typename":"HierarchyPathItem"},{"id":"1591691244827915","name":"Ruoka- ja herkuttelujuustot","slug":"juustot-0/ruoka-ja-herkuttelujuustot","__typename":"HierarchyPathItem"},{"id":"Herkku_00000003","name":"Juustot","slug":"juustot-0","__typename":"HierarchyPathItem"}],"isGlobalFallback":null,"countryName":{"fi":"Alankomaat","__typename":"CountryName"}},{"id":"7340011300106","ean":"7340011300106","name":"Xtra juustoraaste 15% rasvaa 500g","price":6.99,"storeId":725782447,"__typename":"Product","approxPrice":false,"basicQuantityUnit":"KPL","comparisonPrice":13.98,"comparisonUnit":"KGM","consumerPackageSize":null,"consumerPackageUnit":null,"priceUnit":"KPL","quantityMultiplier":1,"brandName":"Xtra","slug":"xtra-juustoraaste-15-rasvaa-500g","isAgeLimitedByAlcohol":false,"frozen":false,"packagingLabels":[],"packagingLabelCodes":[],"hierarchyPath":[{"id":"1591691244827924","name":"Juustoraasteet","slug":"juustot-0/ruoka-ja-herkuttelujuustot/juustoraasteet","__typename":"HierarchyPathItem"},{"id":"1591691244827915","name":"Ruoka- ja herkuttelujuustot","slug":"juustot-0/ruoka-ja-herkuttelujuustot","__typename":"HierarchyPathItem"},{"id":"Herkku_00000003","name":"Juustot","slug":"juustot-0","__typename":"HierarchyPathItem"}],"isGlobalFallback":null,"countryName":{"fi":"Alankomaat","__typename":"CountryName"}},{"id":"7340011302070","ean":"7340011302070","name":"Xtra suolapähkinät 250g","price":1.29,"storeId":725782447,"__typename":"Product","approxPrice":false,"basicQuantityUnit":"KPL","comparisonPrice":5.16,"comparisonUnit":"KGM","consumerPackageSize":null,"consumerPackageUnit":null,"priceUnit":"KPL","quantityMultiplier":1,"brandName":"Xtra","slug":"xtra-suolapahkinat-250g","isAgeLimitedByAlcohol":false,"frozen":false,"packagingLabels":[],"packagingLabelCodes":[],"hierarchyPath":[{"id":"Herkku_00000305","name":"Pähkinät","slug":"kuivatuotteet-ja-leivonta-1/siemenet-pahkinat-ja-kuivatut-hedelmat/pahkinat","__typename":"HierarchyPathItem"},{"id":"Herkku_00000050","name":"Siemenet, pähkinät ja kuivatut hedelmät","slug":"kuivatuotteet-ja-leivonta-1/siemenet-pahkinat-ja-kuivatut-hedelmat","__typename":"HierarchyPathItem"},{"id":"Herkku_00000007","name":"Kuivatuotteet ja leivonta","slug":"kuivatuotteet-ja-leivonta-1","__typename":"HierarchyPathItem"}],"isGlobalFallback":null,"countryName":{"fi":"Alankomaat","__typename":"CountryName"}},{"id":"7340011317210","ean":"7340011317210","name":"Änglamark jasmiiniriisi luomu 1 kg","price":3.25,"storeId":725782447,"__typename":"Product","approxPrice":false,"basicQuantityUnit":"KPL","comparisonPrice":3.25,"comparisonUnit":"KGM","consumerPackageSize":null,"consumerPackageUnit":null,"priceUnit":"KPL","quantityMultiplier":1,"brandName":"Änglamark","slug":"anglamark-jasmiiniriisi-luomu-1-kg","isAgeLimitedByAlcohol":false,"frozen":false,"packagingLabels":["EU:n luomutunnus (lehti)"],"packagingLabelCodes":["EU_ORGANIC_FARMING"],"hierarchyPath":[{"id":"Herkku_00000479","name":"Jasmiiniriisit","slug":"kuivatuotteet-ja-leivonta-1/riisit-pastat-ja-nuudelit/jasmiiniriisit","__typename":"HierarchyPathItem"},{"id":"Herkku_00000088","name":"Riisit, pastat ja nuudelit","slug":"kuivatuotteet-ja-leivonta-1/riisit-pastat-ja-nuudelit","__typename":"HierarchyPathItem"},{"id":"Herkku_00000007","name":"Kuivatuotteet ja leivonta","slug":"kuivatuotteet-ja-leivonta-1","__typename":"HierarchyPathItem"}],"isGlobalFallback":null,"countryName":{"fi":"Kambodža","__typename":"CountryName"}},{"id":"7340011320227","ean":"7340011320227","name":"Xtra 400g Alaskanseiti 4kpl MSC","price":4.1,"storeId":725782447,"__typename":"Product","approxPrice":false,"basicQuantityUnit":"KPL","comparisonPrice":10.25,"comparisonUnit":"KGM","consumerPackageSize":null,"consumerPackageUnit":null,"priceUnit":"KPL","quantityMultiplier":1,"brandName":"Xtra","slug":"xtra-400g-alaskanseiti-4kpl-msc","isAgeLimitedByAlcohol":false,"frozen":true,"packagingLabels":["MSC (Marine Stewardship Council)"],"packagingLabelCodes":["MARINE_STEWARDSHIP_COUNCIL_LABEL"],"hierarchyPath":[{"id":"1591691225905833","name":"Kala ja äyriäiset","slug":"pakasteet-1/liha-ja-kalapakasteet/kala-ja-ayriaiset","__typename":"HierarchyPathItem"},{"id":"Herkku_00000131","name":"Liha- ja kalapakasteet","slug":"pakasteet-1/liha-ja-kalapakasteet","__typename":"HierarchyPathItem"},{"id":"Herkku_00000013","name":"Pakasteet","slug":"pakasteet-1","__typename":"HierarchyPathItem"}],"isGlobalFallback":null,"countryName":{"fi":"Puola","__typename":"CountryName"}},{"id":"7340011320630","ean":"7340011320630","name":"Xtra 400g margariini 60%","price":0.89,"storeId":725782447,"__typename":"Product","approxPrice":false,"basicQuantityUnit":"KPL","comparisonPrice":2.23,"comparisonUnit":"KGM","consumerPackageSize":null,"consumerPackageUnit":null,"priceUnit":"KPL","quantityMultiplier":1,"brandName":"Xtra","slug":"xtra-400g-margariini-60","isAgeLimitedByAlcohol":false,"frozen":false,"packagingLabels":[],"packagingLabelCodes":[],"hierarchyPath":[{"id":"Herkku_00000299","name":"Margariinit","slug":"maito-munat-ja-rasvat-0/rasvat/margariinit","__typename":"HierarchyPathItem"},{"id":"Herkku_00000049","name":"Rasvat","slug":"maito-munat-ja-rasvat-0/rasvat","__typename":"HierarchyPathItem"},{"id":"Herkku_00000006","name":"Maito, munat ja rasvat","slug":"maito-munat-ja-rasvat-0","__typename":"HierarchyPathItem"}],"isGlobalFallback":null,"countryName":{"fi":"Suomi","__typename":"CountryName"}},{"id":"7340011321514","ean":"7340011321514","name":"Xtra shampoo 500 ml","price":1.29,"storeId":725782447,"__typename":"Product","approxPrice":false,"basicQuantityUnit":"KPL","comparisonPrice":2.58,"comparisonUnit":"LTR","consumerPackageSize":null,"consumerPackageUnit":null,"priceUnit":"KPL","quantityMultiplier":1,"brandName":"Xtra","slug":"xtra-shampoo-500-ml","isAgeLimitedByAlcohol":false,"frozen":false,"packagingLabels":[],"packagingLabelCodes":[],"hierarchyPath":[{"id":"1591691233415301","name":"Shampoot","slug":"kosmetiikka-ja-hygienia/hiukset-ja-hiustenhoito/shampoot","__typename":"HierarchyPathItem"},{"id":"1591691233415300","name":"Hiukset ja hiustenhoito","slug":"kosmetiikka-ja-hygienia/hiukset-ja-hiustenhoito","__typename":"HierarchyPathItem"},{"id":"1591691233334707","name":"Kosmetiikka ja hygienia","slug":"kosmetiikka-ja-hygienia","__typename":"HierarchyPathItem"}],"isGlobalFallback":null,"countryName":{"fi":"Tanska","__typename":"CountryName"}},{"id":"7340011321521","ean":"7340011321521","name":"Xtra hoitoaine 500 ml","price":1.29,"storeId":725782447,"__typename":"Product","approxPrice":false,"basicQuantityUnit":"KPL","comparisonPrice":2.58,"comparisonUnit":"LTR","consumerPackageSize":null,"consumerPackageUnit":null,"priceUnit":"KPL","quantityMultiplier":1,"brandName":"Xtra","slug":"xtra-hoitoaine-500-ml","isAgeLimitedByAlcohol":false,"frozen":false,"packagingLabels":[],"packagingLabelCodes":[],"hierarchyPath":[{"id":"1591691233415303","name":"Hiustenhoitoaineet","slug":"kosmetiikka-ja-hygienia/hiukset-ja-hiustenhoito/hiustenhoitoaineet","__typename":"HierarchyPathItem"},{"id":"1591691233415300","name":"Hiukset ja hiustenhoito","slug":"kosmetiikka-ja-hygienia/hiukset-ja-hiustenhoito","__typename":"HierarchyPathItem"},{"id":"1591691233334707","name":"Kosmetiikka ja hygienia","slug":"kosmetiikka-ja-hygienia","__typename":"HierarchyPathItem"}],"isGlobalFallback":null,"countryName":{"fi":"Tanska","__typename":"CountryName"}},{"id":"7340011321552","ean":"7340011321552","name":"Xtra suihkugeeli 500 ml","price":1.39,"storeId":725782447,"__typename":"Product","approxPrice":false,"basicQuantityUnit":"KPL","comparisonPrice":2.78,"comparisonUnit":"LTR","consumerPackageSize":null,"consumerPackageUnit":null,"priceUnit":"KPL","quantityMultiplier":1,"brandName":"Xtra","slug":"xtra-suihkugeeli-500-ml","isAgeLimitedByAlcohol":false,"frozen":false,"packagingLabels":[],"packagingLabelCodes":[],"hierarchyPath":[{"id":"1591691233415960","name":"Naisten suihkusaippuat","slug":"kosmetiikka-ja-hygienia/saippuat-ja-pesutarvikkeet/naisten-suihkusaippuat","__typename":"HierarchyPathItem"},{"id":"1591691233415959","name":"Saippuat ja pesutarvikkeet","slug":"kosmetiikka-ja-hygienia/saippuat-ja-pesutarvikkeet","__typename":"HierarchyPathItem"},{"id":"1591691233334707","name":"Kosmetiikka ja hygienia","slug":"kosmetiikka-ja-hygienia","__typename":"HierarchyPathItem"}],"isGlobalFallback":null,"countryName":{"fi":"Tanska","__typename":"CountryName"}},{"id":"7340011330028","ean":"7340011330028","name":"Xtra alumiinifolio 29cmX20m","price":2.95,"storeId":725782447,"__typename":"Product","approxPrice":false,"basicQuantityUnit":"KPL","comparisonPrice":0.15,"comparisonUnit":"MTR","consumerPackageSize":null,"consumerPackageUnit":null,"priceUnit":"KPL","quantityMultiplier":1,"brandName":"Xtra","slug":"xtra-alumiinifolio-29cmx20m","isAgeLimitedByAlcohol":false,"frozen":false,"packagingLabels":[],"packagingLabelCodes":[],"hierarchyPath":[{"id":"1591691234054960","name":"Foliot ja alumiinivuoat","slug":"keittio-ja-kattaus/leivonta-ja-ruoanlaittotarvikkeet/foliot-ja-alumiinivuoat","__typename":"HierarchyPathItem"},{"id":"1591691234054955","name":"Leivonta- ja ruoanlaittotarvikkeet","slug":"keittio-ja-kattaus/leivonta-ja-ruoanlaittotarvikkeet","__typename":"HierarchyPathItem"},{"id":"1591691234054950","name":"Keittiö ja kattaus","slug":"keittio-ja-kattaus","__typename":"HierarchyPathItem"}],"isGlobalFallback":null,"countryName":{"fi":"Tanska","__typename":"CountryName"}},{"id":"7340011330042","ean":"7340011330042","name":"Xtra suodatinpussi 1x4/200kpl valkaisematon","price":1.55,"storeId":725782447,"__typename":"Product","approxPrice":false,"basicQuantityUnit":"KPL","comparisonPrice":0.01,"comparisonUnit":"PCE","consumerPackageSize":null,"consumerPackageUnit":null,"priceUnit":"KPL","quantityMultiplier":1,"brandName":"X-tra","slug":"xtra-suodatinpussi-1x4200kpl-valkaisematon","isAgeLimitedByAlcohol":false,"frozen":false,"packagingLabels":[],"packagingLabelCodes":[],"hierarchyPath":[{"id":"Herkku_00000503","name":"Suodatinpaperit","slug":"juomat-1/kahvit-ja-suodatinpaperit/suodatinpaperit","__typename":"HierarchyPathItem"},{"id":"Herkku_00000089","name":"Kahvit ja suodatinpaperit","slug":"juomat-1/kahvit-ja-suodatinpaperit","__typename":"HierarchyPathItem"},{"id":"Herkku_00000005","name":"Juomat","slug":"juomat-1","__typename":"HierarchyPathItem"}],"isGlobalFallback":null,"countryName":{"fi":"Alankomaat","__typename":"CountryName"}},{"id":"7340011330394","ean":"7340011330394","name":"Xtra hiuskiinne 300 ml","price":1.99,"storeId":725782447,"__typename":"Product","approxPrice":false,"basicQuantityUnit":"KPL","comparisonPrice":6.63,"comparisonUnit":"LTR","consumerPackageSize":null,"consumerPackageUnit":null,"priceUnit":"KPL","quantityMultiplier":1,"brandName":"Xtra","slug":"xtra-hiuskiinne-300-ml","isAgeLimitedByAlcohol":false,"frozen":false,"packagingLabels":[],"packagingLabelCodes":[],"hierarchyPath":[{"id":"1591691233415304","name":"Hiuslakat","slug":"kosmetiikka-ja-hygienia/hiukset-ja-hiustenhoito/hiuslakat","__typename":"HierarchyPathItem"},{"id":"1591691233415300","name":"Hiukset ja hiustenhoito","slug":"kosmetiikka-ja-hygienia/hiukset-ja-hiustenhoito","__typename":"HierarchyPathItem"},{"id":"1591691233334707","name":"Kosmetiikka ja hygienia","slug":"kosmetiikka-ja-hygienia","__typename":"HierarchyPathItem"}],"isGlobalFallback":null,"countryName":{"fi":"Alankomaat","__typename":"CountryName"}},{"id":"7340011330462","ean":"7340011330462","name":"X-tra 14kpl siivellinen ultraohut normaali side","price":1.15,"storeId":725782447,"__typename":"Product","approxPrice":false,"basicQuantityUnit":"KPL","comparisonPrice":0.08,"comparisonUnit":"PCE","consumerPackageSize":null,"consumerPackageUnit":null,"priceUnit":"KPL","quantityMultiplier":1,"brandName":"Xtra","slug":"x-tra-14kpl-siivellinen-ultraohut-normaali-side","isAgeLimitedByAlcohol":false,"frozen":false,"packagingLabels":[],"packagingLabelCodes":[],"hierarchyPath":[{"id":"1591691233571265","name":"Siteet","slug":"kosmetiikka-ja-hygienia/intiimihygienia-ja-intiimituotteet/siteet","__typename":"HierarchyPathItem"},{"id":"1591691233571247","name":"Intiimihygienia ja intiimituotteet","slug":"kosmetiikka-ja-hygienia/intiimihygienia-ja-intiimituotteet","__typename":"HierarchyPathItem"},{"id":"1591691233334707","name":"Kosmetiikka ja hygienia","slug":"kosmetiikka-ja-hygienia","__typename":"HierarchyPathItem"}],"isGlobalFallback":null,"countryName":{"fi":"Puola","__typename":"CountryName"}},{"id":"7340011330486","ean":"7340011330486","name":"Xtra siivousliina 10kpl","price":2.09,"storeId":725782447,"__typename":"Product","approxPrice":false,"basicQuantityUnit":"KPL","comparisonPrice":0.21,"comparisonUnit":"PCE","consumerPackageSize":null,"consumerPackageUnit":null,"priceUnit":"KPL","quantityMultiplier":1,"brandName":"Xtra","slug":"xtra-siivousliina-10kpl","isAgeLimitedByAlcohol":false,"frozen":false,"packagingLabels":[],"packagingLabelCodes":[],"hierarchyPath":[{"id":"1591691234699054","name":"Siivousliinat","slug":"kodinhoito-ja-taloustarvikkeet/siivousvalineet-ja-tarvikkeet/siivousliinat","__typename":"HierarchyPathItem"},{"id":"1591691234699048","name":"Siivousvälineet ja tarvikkeet","slug":"kodinhoito-ja-taloustarvikkeet/siivousvalineet-ja-tarvikkeet","__typename":"HierarchyPathItem"},{"id":"1591691234596256","name":"Kodinhoito ja taloustarvikkeet","slug":"kodinhoito-ja-taloustarvikkeet","__typename":"HierarchyPathItem"}],"isGlobalFallback":null,"countryName":{"fi":"Belgia","__typename":"CountryName"}},{"id":"7340011330608","ean":"7340011330608","name":"Xtra ultraohut siivetön normaali side 16kpl","price":1.25,"storeId":725782447,"__typename":"Product","approxPrice":false,"basicQuantityUnit":"KPL","comparisonPrice":0.08,"comparisonUnit":"PCE","consumerPackageSize":null,"consumerPackageUnit":null,"priceUnit":"KPL","quantityMultiplier":1,"brandName":"Xtra","slug":"xtra-ultraohut-siiveton-normaali-side-16kpl","isAgeLimitedByAlcohol":false,"frozen":false,"packagingLabels":[],"packagingLabelCodes":[],"hierarchyPath":[{"id":"1591691233571265","name":"Siteet","slug":"kosmetiikka-ja-hygienia/intiimihygienia-ja-intiimituotteet/siteet","__typename":"HierarchyPathItem"},{"id":"1591691233571247","name":"Intiimihygienia ja intiimituotteet","slug":"kosmetiikka-ja-hygienia/intiimihygienia-ja-intiimituotteet","__typename":"HierarchyPathItem"},{"id":"1591691233334707","name":"Kosmetiikka ja hygienia","slug":"kosmetiikka-ja-hygienia","__typename":"HierarchyPathItem"}],"isGlobalFallback":null,"countryName":{"fi":"Puola","__typename":"CountryName"}},{"id":"7340011333692","ean":"7340011333692","name":"Xtra suodatinpussi 102/200kpl valkaisematon","price":1.55,"storeId":725782447,"__typename":"Product","approxPrice":false,"basicQuantityUnit":"KPL","comparisonPrice":0.01,"comparisonUnit":"PCE","consumerPackageSize":null,"consumerPackageUnit":null,"priceUnit":"KPL","quantityMultiplier":1,"brandName":"X-tra","slug":"xtra-suodatinpussi-102200kpl-valkaisematon","isAgeLimitedByAlcohol":false,"frozen":false,"packagingLabels":[],"packagingLabelCodes":[],"hierarchyPath":[{"id":"Herkku_00000503","name":"Suodatinpaperit","slug":"juomat-1/kahvit-ja-suodatinpaperit/suodatinpaperit","__typename":"HierarchyPathItem"},{"id":"Herkku_00000089","name":"Kahvit ja suodatinpaperit","slug":"juomat-1/kahvit-ja-suodatinpaperit","__typename":"HierarchyPathItem"},{"id":"Herkku_00000005","name":"Juomat","slug":"juomat-1","__typename":"HierarchyPathItem"}],"isGlobalFallback":null,"countryName":{"fi":"Alankomaat","__typename":"CountryName"}},{"id":"7340011335863","ean":"7340011335863","name":"Xtra palasaippua 3x90g","price":1.1,"storeId":725782447,"__typename":"Product","approxPrice":false,"basicQuantityUnit":"KPL","comparisonPrice":4.31,"comparisonUnit":"KGM","consumerPackageSize":null,"consumerPackageUnit":null,"priceUnit":"KPL","quantityMultiplier":1,"brandName":"Xtra","slug":"xtra-palasaippua-3x90g","isAgeLimitedByAlcohol":false,"frozen":false,"packagingLabels":[],"packagingLabelCodes":[],"hierarchyPath":[{"id":"1591691233415989","name":"Palasaippuat","slug":"kosmetiikka-ja-hygienia/saippuat-ja-pesutarvikkeet/palasaippuat","__typename":"HierarchyPathItem"},{"id":"1591691233415959","name":"Saippuat ja pesutarvikkeet","slug":"kosmetiikka-ja-hygienia/saippuat-ja-pesutarvikkeet","__typename":"HierarchyPathItem"},{"id":"1591691233334707","name":"Kosmetiikka ja hygienia","slug":"kosmetiikka-ja-hygienia","__typename":"HierarchyPathItem"}],"isGlobalFallback":null,"countryName":{"fi":"Bulgaria","__typename":"CountryName"}},{"id":"7340011336679","ean":"7340011336679","name":"Xtra Leivinpaperi 20mx38cm","price":2.09,"storeId":725782447,"__typename":"Product","approxPrice":false,"basicQuantityUnit":"KPL","comparisonPrice":0.1,"comparisonUnit":"MTR","consumerPackageSize":null,"consumerPackageUnit":null,"priceUnit":"KPL","quantityMultiplier":1,"brandName":"Xtra","slug":"xtra-leivinpaperi-20mx38cm","isAgeLimitedByAlcohol":false,"frozen":false,"packagingLabels":[],"packagingLabelCodes":[],"hierarchyPath":[{"id":"1591691234054959","name":"Leivinpaperit ja voipaperit","slug":"keittio-ja-kattaus/leivonta-ja-ruoanlaittotarvikkeet/leivinpaperit-ja-voipaperit","__typename":"HierarchyPathItem"},{"id":"1591691234054955","name":"Leivonta- ja ruoanlaittotarvikkeet","slug":"keittio-ja-kattaus/leivonta-ja-ruoanlaittotarvikkeet","__typename":"HierarchyPathItem"},{"id":"1591691234054950","name":"Keittiö ja kattaus","slug":"keittio-ja-kattaus","__typename":"HierarchyPathItem"}],"isGlobalFallback":null,"countryName":{"fi":"Tanska","__typename":"CountryName"}},{"id":"7340011336693","ean":"7340011336693","name":"Xtra pikkuhousunsuoja 50kpl","price":1.59,"storeId":725782447,"__typename":"Product","approxPrice":false,"basicQuantityUnit":"KPL","comparisonPrice":0.03,"comparisonUnit":"PCE","consumerPackageSize":null,"consumerPackageUnit":null,"priceUnit":"KPL","quantityMultiplier":1,"brandName":"Xtra","slug":"xtra-pikkuhousunsuoja-50kpl","isAgeLimitedByAlcohol":false,"frozen":false,"packagingLabels":[],"packagingLabelCodes":[],"hierarchyPath":[{"id":"1591691233571268","name":"Pikkuhousunsuojat","slug":"kosmetiikka-ja-hygienia/intiimihygienia-ja-intiimituotteet/pikkuhousunsuojat","__typename":"HierarchyPathItem"},{"id":"1591691233571247","name":"Intiimihygienia ja intiimituotteet","slug":"kosmetiikka-ja-hygienia/intiimihygienia-ja-intiimituotteet","__typename":"HierarchyPathItem"},{"id":"1591691233334707","name":"Kosmetiikka ja hygienia","slug":"kosmetiikka-ja-hygienia","__typename":"HierarchyPathItem"}],"isGlobalFallback":null,"countryName":{"fi":"Puola","__typename":"CountryName"}},{"id":"7340011336730","ean":"7340011336730","name":"Xtra 1240g koiranruoka paloja kastikkeessa, sisältää nautaa","price":1.99,"storeId":725782447,"__typename":"Product","approxPrice":false,"basicQuantityUnit":"KPL","comparisonPrice":1.6,"comparisonUnit":"KGM","consumerPackageSize":null,"consumerPackageUnit":null,"priceUnit":"KPL","quantityMultiplier":1,"brandName":"Xtra","slug":"xtra-1240g-koiranruoka-paloja-kastikkeessa-sisaltaa-nautaa","isAgeLimitedByAlcohol":false,"frozen":false,"packagingLabels":[],"packagingLabelCodes":[],"hierarchyPath":[{"id":"Herkku_00000537","name":"Koiran kostea ruoka","slug":"lemmikit-1/koiranruoat/koiran-kostea-ruoka","__typename":"HierarchyPathItem"},{"id":"Herkku_00000102","name":"Koiranruoat","slug":"lemmikit-1/koiranruoat","__typename":"HierarchyPathItem"},{"id":"Herkku_00000012","name":"Lemmikit","slug":"lemmikit-1","__typename":"HierarchyPathItem"}],"isGlobalFallback":null,"countryName":{"fi":"Alankomaat","__typename":"CountryName"}},{"id":"7340011336754","ean":"7340011336754","name":"Xtra 415g kissanruoka paloja kastikkeessa, sisältää nautaa","price":0.85,"storeId":725782447,"__typename":"Product","approxPrice":false,"basicQuantityUnit":"KPL","comparisonPrice":2.05,"comparisonUnit":"KGM","consumerPackageSize":null,"consumerPackageUnit":null,"priceUnit":"KPL","quantityMultiplier":1,"brandName":"X-tra","slug":"xtra-415g-kissanruoka-paloja-kastikkeessa-sisaltaa-nautaa","isAgeLimitedByAlcohol":false,"frozen":false,"packagingLabels":[],"packagingLabelCodes":[],"hierarchyPath":[{"id":"Herkku_00000533","name":"Kissan kostea ruoka","slug":"lemmikit-1/kissanruoat/kissan-kostea-ruoka","__typename":"HierarchyPathItem"},{"id":"Herkku_00000101","name":"Kissanruoat","slug":"lemmikit-1/kissanruoat","__typename":"HierarchyPathItem"},{"id":"Herkku_00000012","name":"Lemmikit","slug":"lemmikit-1","__typename":"HierarchyPathItem"}],"isGlobalFallback":null,"countryName":{"fi":"Alankomaat","__typename":"CountryName"}},{"id":"7340011340188","ean":"7340011340188","name":"Xtra 1l rapsiöljy","price":3.35,"storeId":725782447,"__typename":"Product","approxPrice":false,"basicQuantityUnit":"KPL","comparisonPrice":3.35,"comparisonUnit":"LTR","consumerPackageSize":null,"consumerPackageUnit":null,"priceUnit":"KPL","quantityMultiplier":1,"brandName":"Xtra","slug":"xtra-1l-rapsioljy","isAgeLimitedByAlcohol":false,"frozen":false,"packagingLabels":[],"packagingLabelCodes":[],"hierarchyPath":[{"id":"Herkku_00000441","name":"Rypsiöljyt","slug":"oljyt-mausteet-maustaminen-1/oljyt/rypsioljyt","__typename":"HierarchyPathItem"},{"id":"Herkku_00000081","name":"Öljyt","slug":"oljyt-mausteet-maustaminen-1/oljyt","__typename":"HierarchyPathItem"},{"id":"Herkku_00000011","name":"Öljyt, mausteet, maustaminen","slug":"oljyt-mausteet-maustaminen-1","__typename":"HierarchyPathItem"}],"isGlobalFallback":null,"countryName":{"fi":"Saksa","__typename":"CountryName"}},{"id":"7340011340423","ean":"7340011340423","name":"Xtra 250g rusinat","price":1.35,"storeId":725782447,"__typename":"Product","approxPrice":false,"basicQuantityUnit":"KPL","comparisonPrice":5.4,"comparisonUnit":"KGM","consumerPackageSize":null,"consumerPackageUnit":null,"priceUnit":"KPL","quantityMultiplier":1,"brandName":"Xtra","slug":"xtra-250g-rusinat","isAgeLimitedByAlcohol":false,"frozen":false,"packagingLabels":[],"packagingLabelCodes":[],"hierarchyPath":[{"id":"Herkku_00000306","name":"Kuivatut hedelmät ja marjat","slug":"kuivatuotteet-ja-leivonta-1/siemenet-pahkinat-ja-kuivatut-hedelmat/kuivatut-hedelmat-ja-marjat","__typename":"HierarchyPathItem"},{"id":"Herkku_00000050","name":"Siemenet, pähkinät ja kuivatut hedelmät","slug":"kuivatuotteet-ja-leivonta-1/siemenet-pahkinat-ja-kuivatut-hedelmat","__typename":"HierarchyPathItem"},{"id":"Herkku_00000007","name":"Kuivatuotteet ja leivonta","slug":"kuivatuotteet-ja-leivonta-1","__typename":"HierarchyPathItem"}],"isGlobalFallback":null,"countryName":{"fi":"Turkki","__typename":"CountryName"}},{"id":"7340011340690","ean":"7340011340690","name":"Xtra Digestive täysjyvävehnäkeksi 400g","price":0.89,"storeId":725782447,"__typename":"Product","approxPrice":false,"basicQuantityUnit":"KPL","comparisonPrice":2.23,"comparisonUnit":"KGM","consumerPackageSize":null,"consumerPackageUnit":null,"priceUnit":"KPL","quantityMultiplier":1,"brandName":"Xtra","slug":"xtra-digestive-taysjyvavehnakeksi-400g","isAgeLimitedByAlcohol":false,"frozen":false,"packagingLabels":[],"packagingLabelCodes":[],"hierarchyPath":[{"id":"Herkku_00000362","name":"Digestivet","slug":"leivat-keksit-ja-leivonnaiset-1/keksit/digestivet","__typename":"HierarchyPathItem"},{"id":"Herkku_00000065","name":"Keksit","slug":"leivat-keksit-ja-leivonnaiset-1/keksit","__typename":"HierarchyPathItem"},{"id":"Herkku_00000008","name":"Leivät, keksit ja leivonnaiset","slug":"leivat-keksit-ja-leivonnaiset-1","__typename":"HierarchyPathItem"}],"isGlobalFallback":null,"countryName":{"fi":"Tanska","__typename":"CountryName"}},{"id":"7340011340973","ean":"7340011340973","name":"Xtra 1kg kaakaojuomajauhe","price":3.99,"storeId":725782447,"__typename":"Product","approxPrice":false,"basicQuantityUnit":"KPL","comparisonPrice":3.99,"comparisonUnit":"KGM","consumerPackageSize":null,"consumerPackageUnit":null,"priceUnit":"KPL","quantityMultiplier":1,"brandName":"X-tra","slug":"xtra-1kg-kaakaojuomajauhe","isAgeLimitedByAlcohol":false,"frozen":false,"packagingLabels":[],"packagingLabelCodes":[],"hierarchyPath":[{"id":"Herkku_00000511","name":"Kaakaojauheet","slug":"juomat-1/kaakaot/kaakaojauheet","__typename":"HierarchyPathItem"},{"id":"Herkku_00000090","name":"Kaakaot","slug":"juomat-1/kaakaot","__typename":"HierarchyPathItem"},{"id":"Herkku_00000005","name":"Juomat","slug":"juomat-1","__typename":"HierarchyPathItem"}],"isGlobalFallback":null,"countryName":{"fi":"Alankomaat","__typename":"CountryName"}},{"id":"7340011341154","ean":"7340011341154","name":"Xtra 450g tortilla chips natural","price":2.49,"storeId":725782447,"__typename":"Product","approxPrice":false,"basicQuantityUnit":"KPL","comparisonPrice":5.53,"comparisonUnit":"KGM","consumerPackageSize":null,"consumerPackageUnit":null,"priceUnit":"KPL","quantityMultiplier":1,"brandName":"Xtra","slug":"xtra-450g-tortilla-chips-natural","isAgeLimitedByAlcohol":false,"frozen":false,"packagingLabels":[],"packagingLabelCodes":[],"hierarchyPath":[{"id":"Herkku_00000465","name":"Lastut","slug":"oljyt-mausteet-maustaminen-1/tex-mex/lastut","__typename":"HierarchyPathItem"},{"id":"StructureGroup_198285814629","name":"Tex mex","slug":"oljyt-mausteet-maustaminen-1/tex-mex","__typename":"HierarchyPathItem"},{"id":"Herkku_00000011","name":"Öljyt, mausteet, maustaminen","slug":"oljyt-mausteet-maustaminen-1","__typename":"HierarchyPathItem"}],"isGlobalFallback":null,"countryName":{"fi":"Belgia","__typename":"CountryName"}},{"id":"7340011341604","ean":"7340011341604","name":"Xtra 1l mansikkakiisseli","price":1.85,"storeId":725782447,"__typename":"Product","approxPrice":false,"basicQuantityUnit":"KPL","comparisonPrice":1.85,"comparisonUnit":"LTR","consumerPackageSize":null,"consumerPackageUnit":null,"priceUnit":"KPL","quantityMultiplier":1,"brandName":"Xtra","slug":"xtra-1l-mansikkakiisseli","isAgeLimitedByAlcohol":false,"frozen":false,"packagingLabels":[],"packagingLabelCodes":[],"hierarchyPath":[{"id":"Herkku_00000455","name":"Kiisselit","slug":"kuivatuotteet-ja-leivonta-1/jalkiruoat/kiisselit","__typename":"HierarchyPathItem"},{"id":"Herkku_00000085","name":"Jälkiruoat","slug":"kuivatuotteet-ja-leivonta-1/jalkiruoat","__typename":"HierarchyPathItem"},{"id":"Herkku_00000007","name":"Kuivatuotteet ja leivonta","slug":"kuivatuotteet-ja-leivonta-1","__typename":"HierarchyPathItem"}],"isGlobalFallback":null,"countryName":null},{"id":"7340011342168","ean":"7340011342168","name":"Xtra 750ml väkiviinaetikka","price":1.39,"storeId":725782447,"__typename":"Product","approxPrice":false,"basicQuantityUnit":"KPL","comparisonPrice":1.85,"comparisonUnit":"LTR","consumerPackageSize":null,"consumerPackageUnit":null,"priceUnit":"KPL","quantityMultiplier":1,"brandName":"Xtra","slug":"xtra-750ml-vakiviinaetikka","isAgeLimitedByAlcohol":false,"frozen":false,"packagingLabels":[],"packagingLabelCodes":[],"hierarchyPath":[{"id":"Herkku_00000445","name":"Muut etikat","slug":"oljyt-mausteet-maustaminen-1/etikat-ja-balsamicot/muut-etikat","__typename":"HierarchyPathItem"},{"id":"Herkku_00000082","name":"Etikat ja balsamicot","slug":"oljyt-mausteet-maustaminen-1/etikat-ja-balsamicot","__typename":"HierarchyPathItem"},{"id":"Herkku_00000011","name":"Öljyt, mausteet, maustaminen","slug":"oljyt-mausteet-maustaminen-1","__typename":"HierarchyPathItem"}],"isGlobalFallback":null,"countryName":{"fi":"Alankomaat","__typename":"CountryName"}},{"id":"7340011342618","ean":"7340011342618","name":"Xtra 1l oliiviöljy","price":6.9,"storeId":725782447,"__typename":"Product","approxPrice":false,"basicQuantityUnit":"KPL","comparisonPrice":6.9,"comparisonUnit":"LTR","consumerPackageSize":null,"consumerPackageUnit":null,"priceUnit":"KPL","quantityMultiplier":1,"brandName":"X-tra","slug":"xtra-1l-oliivioljy","isAgeLimitedByAlcohol":false,"frozen":false,"packagingLabels":[],"packagingLabelCodes":[],"hierarchyPath":[{"id":"Herkku_00000442","name":"Oliiviöljyt","slug":"oljyt-mausteet-maustaminen-1/oljyt/oliivioljyt","__typename":"HierarchyPathItem"},{"id":"Herkku_00000081","name":"Öljyt","slug":"oljyt-mausteet-maustaminen-1/oljyt","__typename":"HierarchyPathItem"},{"id":"Herkku_00000011","name":"Öljyt, mausteet, maustaminen","slug":"oljyt-mausteet-maustaminen-1","__typename":"HierarchyPathItem"}],"isGlobalFallback":null,"countryName":{"fi":"Espanja","__typename":"CountryName"}},{"id":"7340011343332","ean":"7340011343332","name":"Xtra 4x135g perunamuusijauhe","price":2.15,"storeId":725782447,"__typename":"Product","approxPrice":false,"basicQuantityUnit":"KPL","comparisonPrice":3.98,"comparisonUnit":"KGM","consumerPackageSize":null,"consumerPackageUnit":null,"priceUnit":"KPL","quantityMultiplier":1,"brandName":"Xtra","slug":"xtra-4x135g-perunamuusijauhe","isAgeLimitedByAlcohol":false,"frozen":false,"packagingLabels":[],"packagingLabelCodes":[],"hierarchyPath":[{"id":"Herkku_00000490","name":"Perunasoseainekset","slug":"kuivatuotteet-ja-leivonta-1/riisit-pastat-ja-nuudelit/perunasoseainekset","__typename":"HierarchyPathItem"},{"id":"Herkku_00000088","name":"Riisit, pastat ja nuudelit","slug":"kuivatuotteet-ja-leivonta-1/riisit-pastat-ja-nuudelit","__typename":"HierarchyPathItem"},{"id":"Herkku_00000007","name":"Kuivatuotteet ja leivonta","slug":"kuivatuotteet-ja-leivonta-1","__typename":"HierarchyPathItem"}],"isGlobalFallback":null,"countryName":{"fi":"Saksa","__typename":"CountryName"}},{"id":"7340011345589","ean":"7340011345589","name":"Xtra 250g Coffee Creamer kasvirasvasekoite","price":2.29,"storeId":725782447,"__typename":"Product","approxPrice":false,"basicQuantityUnit":"KPL","comparisonPrice":9.16,"comparisonUnit":"KGM","consumerPackageSize":null,"consumerPackageUnit":null,"priceUnit":"KPL","quantityMultiplier":1,"brandName":"Xtra","slug":"xtra-250g-coffee-creamer-kasvirasvasekoite","isAgeLimitedByAlcohol":false,"frozen":false,"packagingLabels":[],"packagingLabelCodes":[],"hierarchyPath":[{"id":"Herkku_00000701","name":"Maito, -kerma ym. jauheet","slug":"maito-munat-ja-rasvat-0/ruoanvalmistustuotteet/maito-kerma-ym.-jauheet","__typename":"HierarchyPathItem"},{"id":"Herkku_00000124","name":"Ruoanvalmistustuotteet","slug":"maito-munat-ja-rasvat-0/ruoanvalmistustuotteet","__typename":"HierarchyPathItem"},{"id":"Herkku_00000006","name":"Maito, munat ja rasvat","slug":"maito-munat-ja-rasvat-0","__typename":"HierarchyPathItem"}],"isGlobalFallback":null,"countryName":{"fi":"Alankomaat","__typename":"CountryName"}},{"id":"7340011350767","ean":"7340011350767","name":"Coop auringonkukkaöljy 1l","price":4.15,"storeId":725782447,"__typename":"Product","approxPrice":false,"basicQuantityUnit":"KPL","comparisonPrice":4.15,"comparisonUnit":"LTR","consumerPackageSize":null,"consumerPackageUnit":null,"priceUnit":"KPL","quantityMultiplier":1,"brandName":"Coop","slug":"coop-auringonkukkaoljy-1l","isAgeLimitedByAlcohol":false,"frozen":false,"packagingLabels":[],"packagingLabelCodes":[],"hierarchyPath":[{"id":"Herkku_00000439","name":"Auringonkukkaöljyt","slug":"oljyt-mausteet-maustaminen-1/oljyt/auringonkukkaoljyt","__typename":"HierarchyPathItem"},{"id":"Herkku_00000081","name":"Öljyt","slug":"oljyt-mausteet-maustaminen-1/oljyt","__typename":"HierarchyPathItem"},{"id":"Herkku_00000011","name":"Öljyt, mausteet, maustaminen","slug":"oljyt-mausteet-maustaminen-1","__typename":"HierarchyPathItem"}],"isGlobalFallback":null,"countryName":{"fi":"Puola","__typename":"CountryName"}},{"id":"7340011404347","ean":"7340011404347","name":"Xtra 450g Tortilla Chips Cheese rapeat maissilastut","price":2.95,"storeId":725782447,"__typename":"Product","approxPrice":false,"basicQuantityUnit":"KPL","comparisonPrice":6.56,"comparisonUnit":"KGM","consumerPackageSize":null,"consumerPackageUnit":null,"priceUnit":"KPL","quantityMultiplier":1,"brandName":"Xtra","slug":"xtra-450g-tortilla-chips-cheese-rapeat-maissilastut","isAgeLimitedByAlcohol":false,"frozen":false,"packagingLabels":[],"packagingLabelCodes":[],"hierarchyPath":[{"id":"Herkku_00000465","name":"Lastut","slug":"oljyt-mausteet-maustaminen-1/tex-mex/lastut","__typename":"HierarchyPathItem"},{"id":"StructureGroup_198285814629","name":"Tex mex","slug":"oljyt-mausteet-maustaminen-1/tex-mex","__typename":"HierarchyPathItem"},{"id":"Herkku_00000011","name":"Öljyt, mausteet, maustaminen","slug":"oljyt-mausteet-maustaminen-1","__typename":"HierarchyPathItem"}],"isGlobalFallback":null,"countryName":{"fi":"Belgia","__typename":"CountryName"}},{"id":"7340011404811","ean":"7340011404811","name":"Xtra 210/125g Mozzarellajuusto 17% rasvaa","price":1.65,"storeId":725782447,"__typename":"Product","approxPrice":false,"basicQuantityUnit":"KPL","comparisonPrice":13.2,"comparisonUnit":"KGM","consumerPackageSize":null,"consumerPackageUnit":null,"priceUnit":"KPL","quantityMultiplier":1,"brandName":"Xtra","slug":"xtra-210125g-mozzarellajuusto-17-rasvaa","isAgeLimitedByAlcohol":false,"frozen":false,"packagingLabels":[],"packagingLabelCodes":[],"hierarchyPath":[{"id":"1591691244827929","name":"Mozzarella juustot","slug":"juustot-0/ruoka-ja-herkuttelujuustot/mozzarella-juustot","__typename":"HierarchyPathItem"},{"id":"1591691244827915","name":"Ruoka- ja herkuttelujuustot","slug":"juustot-0/ruoka-ja-herkuttelujuustot","__typename":"HierarchyPathItem"},{"id":"Herkku_00000003","name":"Juustot","slug":"juustot-0","__typename":"HierarchyPathItem"}],"isGlobalFallback":null,"countryName":{"fi":"Puola","__typename":"CountryName"}},{"id":"7340011406846","ean":"7340011406846","name":"Xtra 2l Color pyykinpesuneste","price":4.05,"storeId":725782447,"__typename":"Product","approxPrice":false,"basicQuantityUnit":"KPL","comparisonPrice":2.03,"comparisonUnit":"LTR","consumerPackageSize":null,"consumerPackageUnit":null,"priceUnit":"KPL","quantityMultiplier":1,"brandName":"X-tra","slug":"xtra-2l-color-pyykinpesuneste","isAgeLimitedByAlcohol":false,"frozen":false,"packagingLabels":[],"packagingLabelCodes":[],"hierarchyPath":[{"id":"1591691234596332","name":"Pyykinpesuaineet","slug":"kodinhoito-ja-taloustarvikkeet/pyykinpesu/pyykinpesuaineet","__typename":"HierarchyPathItem"},{"id":"1591691234596326","name":"Pyykinpesu","slug":"kodinhoito-ja-taloustarvikkeet/pyykinpesu","__typename":"HierarchyPathItem"},{"id":"1591691234596256","name":"Kodinhoito ja taloustarvikkeet","slug":"kodinhoito-ja-taloustarvikkeet","__typename":"HierarchyPathItem"}],"isGlobalFallback":null,"countryName":{"fi":"Tanska","__typename":"CountryName"}},{"id":"7340011415787","ean":"7340011415787","name":"Xtra 400g Edam viipaleet 16%","price":4.79,"storeId":725782447,"__typename":"Product","approxPrice":false,"basicQuantityUnit":"KPL","comparisonPrice":11.98,"comparisonUnit":"KGM","consumerPackageSize":null,"consumerPackageUnit":null,"priceUnit":"KPL","quantityMultiplier":1,"brandName":"Xtra","slug":"xtra-400g-edam-viipaleet-16","isAgeLimitedByAlcohol":false,"frozen":false,"packagingLabels":[],"packagingLabelCodes":[],"hierarchyPath":[{"id":"1591691244827919","name":"Edam juustot","slug":"juustot-0/pala-ja-viipalejuustot/edam-juustot","__typename":"HierarchyPathItem"},{"id":"1591691244827914","name":"Pala- ja viipalejuustot","slug":"juustot-0/pala-ja-viipalejuustot","__typename":"HierarchyPathItem"},{"id":"Herkku_00000003","name":"Juustot","slug":"juustot-0","__typename":"HierarchyPathItem"}],"isGlobalFallback":null,"countryName":{"fi":"Saksa","__typename":"CountryName"}},{"id":"7340011419358","ean":"7340011419358","name":"Xtra 300g suolatut perunalastut","price":2.49,"storeId":725782447,"__typename":"Product","approxPrice":false,"basicQuantityUnit":"KPL","comparisonPrice":8.3,"comparisonUnit":"KGM","consumerPackageSize":null,"consumerPackageUnit":null,"priceUnit":"KPL","quantityMultiplier":1,"brandName":"Xtra","slug":"xtra-300g-suolatut-perunalastut","isAgeLimitedByAlcohol":false,"frozen":false,"packagingLabels":[],"packagingLabelCodes":[],"hierarchyPath":[{"id":"Herkku_00000347","name":"Perunalastut","slug":"makeiset-ja-naposteltavat-1/sipsit-ja-muut-naposteltavat/perunalastut","__typename":"HierarchyPathItem"},{"id":"Herkku_00000062","name":"Sipsit ja muut naposteltavat","slug":"makeiset-ja-naposteltavat-1/sipsit-ja-muut-naposteltavat","__typename":"HierarchyPathItem"},{"id":"Herkku_00000009","name":"Makeiset ja naposteltavat","slug":"makeiset-ja-naposteltavat-1","__typename":"HierarchyPathItem"}],"isGlobalFallback":null,"countryName":{"fi":"Belgia","__typename":"CountryName"}},{"id":"7340011419365","ean":"7340011419365","name":"Xtra 300g Sourcream & Onion perunalastut","price":2.49,"storeId":725782447,"__typename":"Product","approxPrice":false,"basicQuantityUnit":"KPL","comparisonPrice":8.3,"comparisonUnit":"KGM","consumerPackageSize":null,"consumerPackageUnit":null,"priceUnit":"KPL","quantityMultiplier":1,"brandName":"Xtra","slug":"xtra-300g-sourcream-and-onion-perunalastut","isAgeLimitedByAlcohol":false,"frozen":false,"packagingLabels":[],"packagingLabelCodes":[],"hierarchyPath":[{"id":"Herkku_00000347","name":"Perunalastut","slug":"makeiset-ja-naposteltavat-1/sipsit-ja-muut-naposteltavat/perunalastut","__typename":"HierarchyPathItem"},{"id":"Herkku_00000062","name":"Sipsit ja muut naposteltavat","slug":"makeiset-ja-naposteltavat-1/sipsit-ja-muut-naposteltavat","__typename":"HierarchyPathItem"},{"id":"Herkku_00000009","name":"Makeiset ja naposteltavat","slug":"makeiset-ja-naposteltavat-1","__typename":"HierarchyPathItem"}],"isGlobalFallback":null,"countryName":{"fi":"Belgia","__typename":"CountryName"}},{"id":"7340011420330","ean":"7340011420330","name":"Xtra jäätelötuutit vanilja 960ml 8kpl","price":1.85,"storeId":725782447,"__typename":"Product","approxPrice":false,"basicQuantityUnit":"KPL","comparisonPrice":3.85,"comparisonUnit":"KGM","consumerPackageSize":null,"consumerPackageUnit":null,"priceUnit":"KPL","quantityMultiplier":1,"brandName":"Xtra","slug":"xtra-jaatelotuutit-vanilja-960ml-8kpl","isAgeLimitedByAlcohol":false,"frozen":true,"packagingLabels":["Rainforest alliance certified (Sammakko-merkki)"],"packagingLabelCodes":["RAINFOREST_ALLIANCE"],"hierarchyPath":[{"id":"1591691225905930","name":"Jäätelöpakkaukset","slug":"pakasteet-1/jaatelot/jaatelopakkaukset","__typename":"HierarchyPathItem"},{"id":"Herkku_00000130","name":"Jäätelöt","slug":"pakasteet-1/jaatelot","__typename":"HierarchyPathItem"},{"id":"Herkku_00000013","name":"Pakasteet","slug":"pakasteet-1","__typename":"HierarchyPathItem"}],"isGlobalFallback":null,"countryName":{"fi":"Alankomaat","__typename":"CountryName"}},{"id":"7340011422808","ean":"7340011422808","name":"Rainbow 350/185g Kalamata-oliivit kivettömät","price":2.19,"storeId":725782447,"__typename":"Product","approxPrice":false,"basicQuantityUnit":"KPL","comparisonPrice":11.84,"comparisonUnit":"KGM","consumerPackageSize":null,"consumerPackageUnit":null,"priceUnit":"KPL","quantityMultiplier":1,"brandName":"Rainbow","slug":"rainbow-350185g-kalamata-oliivit-kivettomat","isAgeLimitedByAlcohol":false,"frozen":false,"packagingLabels":[],"packagingLabelCodes":[],"hierarchyPath":[{"id":"Herkku_00000353","name":"Hedelmäsäilykkeet","slug":"kuivatuotteet-ja-leivonta-1/sailykkeet/hedelmasailykkeet","__typename":"HierarchyPathItem"},{"id":"Herkku_00000063","name":"Säilykkeet","slug":"kuivatuotteet-ja-leivonta-1/sailykkeet","__typename":"HierarchyPathItem"},{"id":"Herkku_00000007","name":"Kuivatuotteet ja leivonta","slug":"kuivatuotteet-ja-leivonta-1","__typename":"HierarchyPathItem"}],"isGlobalFallback":null,"countryName":{"fi":"Kreikka","__typename":"CountryName"}},{"id":"7340011422815","ean":"7340011422815","name":"Rainbow 350/185g Chalkidiki-oliivit kivettömät","price":1.65,"storeId":725782447,"__typename":"Product","approxPrice":false,"basicQuantityUnit":"KPL","comparisonPrice":8.92,"comparisonUnit":"KGM","consumerPackageSize":null,"consumerPackageUnit":null,"priceUnit":"KPL","quantityMultiplier":1,"brandName":"Rainbow","slug":"rainbow-350185g-chalkidiki-oliivit-kivettomat","isAgeLimitedByAlcohol":false,"frozen":false,"packagingLabels":[],"packagingLabelCodes":[],"hierarchyPath":[{"id":"Herkku_00000353","name":"Hedelmäsäilykkeet","slug":"kuivatuotteet-ja-leivonta-1/sailykkeet/hedelmasailykkeet","__typename":"HierarchyPathItem"},{"id":"Herkku_00000063","name":"Säilykkeet","slug":"kuivatuotteet-ja-leivonta-1/sailykkeet","__typename":"HierarchyPathItem"},{"id":"Herkku_00000007","name":"Kuivatuotteet ja leivonta","slug":"kuivatuotteet-ja-leivonta-1","__typename":"HierarchyPathItem"}],"isGlobalFallback":null,"countryName":{"fi":"Kreikka","__typename":"CountryName"}},{"id":"7340011424789","ean":"7340011424789","name":"Rainbow 700g hedelmä-siemenmysli","price":4.25,"storeId":725782447,"__typename":"Product","approxPrice":false,"basicQuantityUnit":"KPL","comparisonPrice":6.07,"comparisonUnit":"KGM","consumerPackageSize":null,"consumerPackageUnit":null,"priceUnit":"KPL","quantityMultiplier":1,"brandName":"Rainbow","slug":"rainbow-700g-hedelma-siemenmysli","isAgeLimitedByAlcohol":false,"frozen":false,"packagingLabels":[],"packagingLabelCodes":[],"hierarchyPath":[{"id":"Herkku_00000317","name":"Myslit","slug":"kuivatuotteet-ja-leivonta-1/hiutaleet-murot-ja-myslit/myslit","__typename":"HierarchyPathItem"},{"id":"Herkku_00000053","name":"Hiutaleet, murot ja myslit","slug":"kuivatuotteet-ja-leivonta-1/hiutaleet-murot-ja-myslit","__typename":"HierarchyPathItem"},{"id":"Herkku_00000007","name":"Kuivatuotteet ja leivonta","slug":"kuivatuotteet-ja-leivonta-1","__typename":"HierarchyPathItem"}],"isGlobalFallback":null,"countryName":{"fi":"Saksa","__typename":"CountryName"}},{"id":"7340011424901","ean":"7340011424901","name":"Xtra 25g kamomillatee 20ps","price":0.99,"storeId":725782447,"__typename":"Product","approxPrice":false,"basicQuantityUnit":"KPL","comparisonPrice":39.6,"comparisonUnit":"KGM","consumerPackageSize":null,"consumerPackageUnit":null,"priceUnit":"KPL","quantityMultiplier":1,"brandName":"Xtra","slug":"xtra-25g-kamomillatee-20ps","isAgeLimitedByAlcohol":false,"frozen":false,"packagingLabels":[],"packagingLabelCodes":[],"hierarchyPath":[{"id":"Herkku_00000514","name":"Pussitee","slug":"juomat-1/teet/pussitee","__typename":"HierarchyPathItem"},{"id":"Herkku_00000091","name":"Teet","slug":"juomat-1/teet","__typename":"HierarchyPathItem"},{"id":"Herkku_00000005","name":"Juomat","slug":"juomat-1","__typename":"HierarchyPathItem"}],"isGlobalFallback":null,"countryName":{"fi":"Saksa","__typename":"CountryName"}},{"id":"7340011425694","ean":"7340011425694","name":"Xtra 80g mustapippurirouhe","price":2.65,"storeId":725782447,"__typename":"Product","approxPrice":false,"basicQuantityUnit":"KPL","comparisonPrice":33.13,"comparisonUnit":"KGM","consumerPackageSize":null,"consumerPackageUnit":null,"priceUnit":"KPL","quantityMultiplier":1,"brandName":"Xtra","slug":"xtra-80g-mustapippurirouhe","isAgeLimitedByAlcohol":false,"frozen":false,"packagingLabels":[],"packagingLabelCodes":[],"hierarchyPath":[{"id":"Herkku_00000412","name":"Pippurit","slug":"oljyt-mausteet-maustaminen-1/mausteet/pippurit","__typename":"HierarchyPathItem"},{"id":"Herkku_00000075","name":"Mausteet","slug":"oljyt-mausteet-maustaminen-1/mausteet","__typename":"HierarchyPathItem"},{"id":"Herkku_00000011","name":"Öljyt, mausteet, maustaminen","slug":"oljyt-mausteet-maustaminen-1","__typename":"HierarchyPathItem"}],"isGlobalFallback":null,"countryName":{"fi":"Vietnam","__typename":"CountryName"}},{"id":"7340011425779","ean":"7340011425779","name":"Xtra 95g jauhelihamauste","price":1.25,"storeId":725782447,"__typename":"Product","approxPrice":false,"basicQuantityUnit":"KPL","comparisonPrice":13.16,"comparisonUnit":"KGM","consumerPackageSize":null,"consumerPackageUnit":null,"priceUnit":"KPL","quantityMultiplier":1,"brandName":"Xtra","slug":"xtra-95g-jauhelihamauste","isAgeLimitedByAlcohol":false,"frozen":false,"packagingLabels":[],"packagingLabelCodes":[],"hierarchyPath":[{"id":"Herkku_00000419","name":"Mausteseokset","slug":"oljyt-mausteet-maustaminen-1/mausteet/mausteseokset","__typename":"HierarchyPathItem"},{"id":"Herkku_00000075","name":"Mausteet","slug":"oljyt-mausteet-maustaminen-1/mausteet","__typename":"HierarchyPathItem"},{"id":"Herkku_00000011","name":"Öljyt, mausteet, maustaminen","slug":"oljyt-mausteet-maustaminen-1","__typename":"HierarchyPathItem"}],"isGlobalFallback":null,"countryName":{"fi":"Saksa","__typename":"CountryName"}},{"id":"7340011425885","ean":"7340011425885","name":"Xtra 70g jauhettu kaneli","price":1.55,"storeId":725782447,"__typename":"Product","approxPrice":false,"basicQuantityUnit":"KPL","comparisonPrice":22.14,"comparisonUnit":"KGM","consumerPackageSize":null,"consumerPackageUnit":null,"priceUnit":"KPL","quantityMultiplier":1,"brandName":"Xtra","slug":"xtra-70g-jauhettu-kaneli","isAgeLimitedByAlcohol":false,"frozen":false,"packagingLabels":[],"packagingLabelCodes":[],"hierarchyPath":[{"id":"Herkku_00000414","name":"Leivontamausteet","slug":"oljyt-mausteet-maustaminen-1/mausteet/leivontamausteet","__typename":"HierarchyPathItem"},{"id":"Herkku_00000075","name":"Mausteet","slug":"oljyt-mausteet-maustaminen-1/mausteet","__typename":"HierarchyPathItem"},{"id":"Herkku_00000011","name":"Öljyt, mausteet, maustaminen","slug":"oljyt-mausteet-maustaminen-1","__typename":"HierarchyPathItem"}],"isGlobalFallback":null,"countryName":{"fi":"Indonesia","__typename":"CountryName"}},{"id":"7340011427650","ean":"7340011427650","name":"Xtra 500g chilipähkinä","price":2.95,"storeId":725782447,"__typename":"Product","approxPrice":false,"basicQuantityUnit":"KPL","comparisonPrice":5.9,"comparisonUnit":"KGM","consumerPackageSize":null,"consumerPackageUnit":null,"priceUnit":"KPL","quantityMultiplier":1,"brandName":"Xtra","slug":"xtra-500g-chilipahkina","isAgeLimitedByAlcohol":false,"frozen":false,"packagingLabels":[],"packagingLabelCodes":[],"hierarchyPath":[{"id":"Herkku_00000305","name":"Pähkinät","slug":"kuivatuotteet-ja-leivonta-1/siemenet-pahkinat-ja-kuivatut-hedelmat/pahkinat","__typename":"HierarchyPathItem"},{"id":"Herkku_00000050","name":"Siemenet, pähkinät ja kuivatut hedelmät","slug":"kuivatuotteet-ja-leivonta-1/siemenet-pahkinat-ja-kuivatut-hedelmat","__typename":"HierarchyPathItem"},{"id":"Herkku_00000007","name":"Kuivatuotteet ja leivonta","slug":"kuivatuotteet-ja-leivonta-1","__typename":"HierarchyPathItem"}],"isGlobalFallback":null,"countryName":{"fi":"Alankomaat","__typename":"CountryName"}},{"id":"7340011428497","ean":"7340011428497","name":"Rainbow 500g kiivirasia","price":1.99,"storeId":725782447,"__typename":"Product","approxPrice":false,"basicQuantityUnit":"KPL","comparisonPrice":3.98,"comparisonUnit":"KGM","consumerPackageSize":null,"consumerPackageUnit":null,"priceUnit":"KPL","quantityMultiplier":1,"brandName":"Rainbow","slug":"rainbow-500g-kiivirasia","isAgeLimitedByAlcohol":false,"frozen":false,"packagingLabels":[],"packagingLabelCodes":[],"hierarchyPath":[{"id":"Herkku_00000190","name":"Muut hedelmät","slug":"hedelmat-ja-vihannekset-1/hedelmat/muut-hedelmat","__typename":"HierarchyPathItem"},{"id":"Herkku_00000021","name":"Hedelmät","slug":"hedelmat-ja-vihannekset-1/hedelmat","__typename":"HierarchyPathItem"},{"id":"Herkku_00000001","name":"Hedelmät ja vihannekset","slug":"hedelmat-ja-vihannekset-1","__typename":"HierarchyPathItem"}],"isGlobalFallback":null,"countryName":{"fi":"Kreikka","__typename":"CountryName"}},{"id":"7340011429180","ean":"7340011429180","name":"Xtra 300g appelsiini leivoskeksi","price":1.09,"storeId":725782447,"__typename":"Product","approxPrice":false,"basicQuantityUnit":"KPL","comparisonPrice":3.63,"comparisonUnit":"KGM","consumerPackageSize":null,"consumerPackageUnit":null,"priceUnit":"KPL","quantityMultiplier":1,"brandName":"Xtra","slug":"xtra-300g-appelsiini-leivoskeksi","isAgeLimitedByAlcohol":false,"frozen":false,"packagingLabels":[],"packagingLabelCodes":[],"hierarchyPath":[{"id":"1591691259195604","name":"Makeat keksit","slug":"joulu-0/joulun-herkutteluun/makeat-keksit","__typename":"HierarchyPathItem"},{"id":"1591691259195581","name":"Joulun herkutteluun","slug":"joulu-0/joulun-herkutteluun","__typename":"HierarchyPathItem"},{"id":"1591691259195579","name":"Joulu","slug":"joulu-0","__typename":"HierarchyPathItem"}],"isGlobalFallback":null,"countryName":{"fi":"Saksa","__typename":"CountryName"}},{"id":"7340011431671","ean":"7340011431671","name":"Xtra 400g Emmental juustoviipaleet 29%","price":4.95,"storeId":725782447,"__typename":"Product","approxPrice":false,"basicQuantityUnit":"KPL","comparisonPrice":12.38,"comparisonUnit":"KGM","consumerPackageSize":null,"consumerPackageUnit":null,"priceUnit":"KPL","quantityMultiplier":1,"brandName":"Xtra","slug":"xtra-400g-emmental-juustoviipaleet-29","isAgeLimitedByAlcohol":false,"frozen":false,"packagingLabels":[],"packagingLabelCodes":[],"hierarchyPath":[{"id":"1591691244827920","name":"Emmental juustot","slug":"juustot-0/pala-ja-viipalejuustot/emmental-juustot","__typename":"HierarchyPathItem"},{"id":"1591691244827914","name":"Pala- ja viipalejuustot","slug":"juustot-0/pala-ja-viipalejuustot","__typename":"HierarchyPathItem"},{"id":"Herkku_00000003","name":"Juustot","slug":"juustot-0","__typename":"HierarchyPathItem"}],"isGlobalFallback":null,"countryName":{"fi":"Saksa","__typename":"CountryName"}},{"id":"7340011432371","ean":"7340011432371","name":"Rainbow avokado 800 g","price":4.89,"storeId":725782447,"__typename":"Product","approxPrice":false,"basicQuantityUnit":"KPL","comparisonPrice":6.11,"comparisonUnit":"KGM","consumerPackageSize":null,"consumerPackageUnit":null,"priceUnit":"KPL","quantityMultiplier":1,"brandName":"Rainbow","slug":"rainbow-avokado-800-g","isAgeLimitedByAlcohol":false,"frozen":false,"packagingLabels":[],"packagingLabelCodes":[],"hierarchyPath":[{"id":"Herkku_00000195","name":"Avokadot","slug":"hedelmat-ja-vihannekset-1/hedelmat/avokadot","__typename":"HierarchyPathItem"},{"id":"Herkku_00000021","name":"Hedelmät","slug":"hedelmat-ja-vihannekset-1/hedelmat","__typename":"HierarchyPathItem"},{"id":"Herkku_00000001","name":"Hedelmät ja vihannekset","slug":"hedelmat-ja-vihannekset-1","__typename":"HierarchyPathItem"}],"isGlobalFallback":null,"countryName":{"fi":"Peru","__typename":"CountryName"}},{"id":"7340011432678","ean":"7340011432678","name":"Xtra 200g salaattijuustopala 20% rasvaa","price":1.75,"storeId":725782447,"__typename":"Product","approxPrice":false,"basicQuantityUnit":"KPL","comparisonPrice":8.75,"comparisonUnit":"KGM","consumerPackageSize":null,"consumerPackageUnit":null,"priceUnit":"KPL","quantityMultiplier":1,"brandName":"Xtra","slug":"xtra-200g-salaattijuustopala-20-rasvaa","isAgeLimitedByAlcohol":false,"frozen":false,"packagingLabels":[],"packagingLabelCodes":[],"hierarchyPath":[{"id":"1591691244827925","name":"Feta- ja salaattijuustot","slug":"juustot-0/ruoka-ja-herkuttelujuustot/feta-ja-salaattijuustot","__typename":"HierarchyPathItem"},{"id":"1591691244827915","name":"Ruoka- ja herkuttelujuustot","slug":"juustot-0/ruoka-ja-herkuttelujuustot","__typename":"HierarchyPathItem"},{"id":"Herkku_00000003","name":"Juustot","slug":"juustot-0","__typename":"HierarchyPathItem"}],"isGlobalFallback":null,"countryName":{"fi":"Saksa","__typename":"CountryName"}},{"id":"7340011433521","ean":"7340011433521","name":"Xtra 1l nestesaippua","price":1.75,"storeId":725782447,"__typename":"Product","approxPrice":false,"basicQuantityUnit":"KPL","comparisonPrice":1.75,"comparisonUnit":"LTR","consumerPackageSize":null,"consumerPackageUnit":null,"priceUnit":"KPL","quantityMultiplier":1,"brandName":"X-tra","slug":"xtra-1l-nestesaippua","isAgeLimitedByAlcohol":false,"frozen":false,"packagingLabels":[],"packagingLabelCodes":[],"hierarchyPath":[{"id":"1591691233415963","name":"Nestesaippuat","slug":"kosmetiikka-ja-hygienia/saippuat-ja-pesutarvikkeet/nestesaippuat","__typename":"HierarchyPathItem"},{"id":"1591691233415959","name":"Saippuat ja pesutarvikkeet","slug":"kosmetiikka-ja-hygienia/saippuat-ja-pesutarvikkeet","__typename":"HierarchyPathItem"},{"id":"1591691233334707","name":"Kosmetiikka ja hygienia","slug":"kosmetiikka-ja-hygienia","__typename":"HierarchyPathItem"}],"isGlobalFallback":null,"countryName":{"fi":"Puola","__typename":"CountryName"}},{"id":"7340011438199","ean":"7340011438199","name":"Rainbow 300g chunky salsa mild luomu","price":1.99,"storeId":725782447,"__typename":"Product","approxPrice":false,"basicQuantityUnit":"KPL","comparisonPrice":6.63,"comparisonUnit":"KGM","consumerPackageSize":null,"consumerPackageUnit":null,"priceUnit":"KPL","quantityMultiplier":1,"brandName":"Rainbow","slug":"rainbow-300g-chunky-salsa-mild-luomu","isAgeLimitedByAlcohol":false,"frozen":false,"packagingLabels":["EU:n luomutunnus (lehti)"],"packagingLabelCodes":["EU_ORGANIC_FARMING"],"hierarchyPath":[{"id":"Herkku_00000466","name":"Tex-mex kastikkeet","slug":"oljyt-mausteet-maustaminen-1/tex-mex/tex-mex-kastikkeet","__typename":"HierarchyPathItem"},{"id":"StructureGroup_198285814629","name":"Tex mex","slug":"oljyt-mausteet-maustaminen-1/tex-mex","__typename":"HierarchyPathItem"},{"id":"Herkku_00000011","name":"Öljyt, mausteet, maustaminen","slug":"oljyt-mausteet-maustaminen-1","__typename":"HierarchyPathItem"}],"isGlobalFallback":null,"countryName":{"fi":"Belgia","__typename":"CountryName"}},{"id":"7340011439080","ean":"7340011439080","name":"Xtra 150g Gouda juustoviipaleet 16%","price":2.15,"storeId":725782447,"__typename":"Product","approxPrice":false,"basicQuantityUnit":"KPL","comparisonPrice":14.33,"comparisonUnit":"KGM","consumerPackageSize":null,"consumerPackageUnit":null,"priceUnit":"KPL","quantityMultiplier":1,"brandName":"Xtra","slug":"xtra-150g-gouda-juustoviipaleet-16","isAgeLimitedByAlcohol":false,"frozen":false,"packagingLabels":[],"packagingLabelCodes":[],"hierarchyPath":[{"id":"1591691244827922","name":"Gouda juustot","slug":"juustot-0/pala-ja-viipalejuustot/gouda-juustot","__typename":"HierarchyPathItem"},{"id":"1591691244827914","name":"Pala- ja viipalejuustot","slug":"juustot-0/pala-ja-viipalejuustot","__typename":"HierarchyPathItem"},{"id":"Herkku_00000003","name":"Juustot","slug":"juustot-0","__typename":"HierarchyPathItem"}],"isGlobalFallback":null,"countryName":{"fi":"Saksa","__typename":"CountryName"}},{"id":"7340011439127","ean":"7340011439127","name":"Rainbow 425g luomu hunaja","price":5.25,"storeId":725782447,"__typename":"Product","approxPrice":false,"basicQuantityUnit":"KPL","comparisonPrice":12.35,"comparisonUnit":"KGM","consumerPackageSize":null,"consumerPackageUnit":null,"priceUnit":"KPL","quantityMultiplier":1,"brandName":"Rainbow","slug":"rainbow-425g-luomu-hunaja","isAgeLimitedByAlcohol":false,"frozen":false,"packagingLabels":["EU:n luomutunnus (lehti)"],"packagingLabelCodes":["EU_ORGANIC_FARMING"],"hierarchyPath":[{"id":"Herkku_00000448","name":"Hunajat","slug":"kuivatuotteet-ja-leivonta-1/sokerit-makeutusaineet-ja-hunaja/hunajat","__typename":"HierarchyPathItem"},{"id":"Herkku_00000084","name":"Sokerit, makeutusaineet ja hunaja","slug":"kuivatuotteet-ja-leivonta-1/sokerit-makeutusaineet-ja-hunaja","__typename":"HierarchyPathItem"},{"id":"Herkku_00000007","name":"Kuivatuotteet ja leivonta","slug":"kuivatuotteet-ja-leivonta-1","__typename":"HierarchyPathItem"}],"isGlobalFallback":null,"countryName":{"fi":"Bulgaria","__typename":"CountryName"}},{"id":"7340011440161","ean":"7340011440161","name":"Rainbow 500ml astianpesuaine sensitive","price":2.09,"storeId":725782447,"__typename":"Product","approxPrice":false,"basicQuantityUnit":"KPL","comparisonPrice":4.18,"comparisonUnit":"LTR","consumerPackageSize":null,"consumerPackageUnit":null,"priceUnit":"KPL","quantityMultiplier":1,"brandName":"Rainbow","slug":"rainbow-500ml-astianpesuaine-sensitive","isAgeLimitedByAlcohol":false,"frozen":false,"packagingLabels":[],"packagingLabelCodes":[],"hierarchyPath":[{"id":"1591691234596268","name":"Käsitiskiaineet","slug":"kodinhoito-ja-taloustarvikkeet/astianpesu/kasitiskiaineet","__typename":"HierarchyPathItem"},{"id":"1591691234596262","name":"Astianpesu","slug":"kodinhoito-ja-taloustarvikkeet/astianpesu","__typename":"HierarchyPathItem"},{"id":"1591691234596256","name":"Kodinhoito ja taloustarvikkeet","slug":"kodinhoito-ja-taloustarvikkeet","__typename":"HierarchyPathItem"}],"isGlobalFallback":null,"countryName":{"fi":"Belgia","__typename":"CountryName"}},{"id":"7340011440802","ean":"7340011440802","name":"Rainbow 100g paahdetut ja suolatut mantelit","price":1.98,"storeId":725782447,"__typename":"Product","approxPrice":false,"basicQuantityUnit":"KPL","comparisonPrice":19.8,"comparisonUnit":"KGM","consumerPackageSize":null,"consumerPackageUnit":null,"priceUnit":"KPL","quantityMultiplier":1,"brandName":"Rainbow","slug":"rainbow-100g-paahdetut-ja-suolatut-mantelit","isAgeLimitedByAlcohol":false,"frozen":false,"packagingLabels":[],"packagingLabelCodes":[],"hierarchyPath":[{"id":"Herkku_00000305","name":"Pähkinät","slug":"kuivatuotteet-ja-leivonta-1/siemenet-pahkinat-ja-kuivatut-hedelmat/pahkinat","__typename":"HierarchyPathItem"},{"id":"Herkku_00000050","name":"Siemenet, pähkinät ja kuivatut hedelmät","slug":"kuivatuotteet-ja-leivonta-1/siemenet-pahkinat-ja-kuivatut-hedelmat","__typename":"HierarchyPathItem"},{"id":"Herkku_00000007","name":"Kuivatuotteet ja leivonta","slug":"kuivatuotteet-ja-leivonta-1","__typename":"HierarchyPathItem"}],"isGlobalFallback":null,"countryName":{"fi":"Yhdysvallat","__typename":"CountryName"}},{"id":"7340011441779","ean":"7340011441779","name":"Rainbow 400g Gouda Holland mieto 4kk","price":5.25,"storeId":725782447,"__typename":"Product","approxPrice":false,"basicQuantityUnit":"KPL","comparisonPrice":13.13,"comparisonUnit":"KGM","consumerPackageSize":null,"consumerPackageUnit":null,"priceUnit":"KPL","quantityMultiplier":1,"brandName":"Rainbow","slug":"rainbow-400g-gouda-holland-mieto-4kk","isAgeLimitedByAlcohol":false,"frozen":false,"packagingLabels":[],"packagingLabelCodes":[],"hierarchyPath":[{"id":"1591691244827937","name":"Muut erikoisjuustot","slug":"juustot-0/ruoka-ja-herkuttelujuustot/muut-erikoisjuustot","__typename":"HierarchyPathItem"},{"id":"1591691244827915","name":"Ruoka- ja herkuttelujuustot","slug":"juustot-0/ruoka-ja-herkuttelujuustot","__typename":"HierarchyPathItem"},{"id":"Herkku_00000003","name":"Juustot","slug":"juustot-0","__typename":"HierarchyPathItem"}],"isGlobalFallback":null,"countryName":{"fi":"Alankomaat","__typename":"CountryName"}},{"id":"7340011442776","ean":"7340011442776","name":"Rainbow 750g hedelmä-pähkinämysli","price":3.89,"storeId":725782447,"__typename":"Product","approxPrice":false,"basicQuantityUnit":"KPL","comparisonPrice":5.19,"comparisonUnit":"KGM","consumerPackageSize":null,"consumerPackageUnit":null,"priceUnit":"KPL","quantityMultiplier":1,"brandName":"Rainbow","slug":"rainbow-750g-hedelma-pahkinamysli","isAgeLimitedByAlcohol":false,"frozen":false,"packagingLabels":[],"packagingLabelCodes":[],"hierarchyPath":[{"id":"Herkku_00000317","name":"Myslit","slug":"kuivatuotteet-ja-leivonta-1/hiutaleet-murot-ja-myslit/myslit","__typename":"HierarchyPathItem"},{"id":"Herkku_00000053","name":"Hiutaleet, murot ja myslit","slug":"kuivatuotteet-ja-leivonta-1/hiutaleet-murot-ja-myslit","__typename":"HierarchyPathItem"},{"id":"Herkku_00000007","name":"Kuivatuotteet ja leivonta","slug":"kuivatuotteet-ja-leivonta-1","__typename":"HierarchyPathItem"}],"isGlobalFallback":null,"countryName":{"fi":"Saksa","__typename":"CountryName"}},{"id":"7340011442813","ean":"7340011442813","name":"Rainbow 500g Classic wok mix wokvihannekset pakaste","price":1.59,"storeId":725782447,"__typename":"Product","approxPrice":false,"basicQuantityUnit":"KPL","comparisonPrice":3.18,"comparisonUnit":"KGM","consumerPackageSize":null,"consumerPackageUnit":null,"priceUnit":"KPL","quantityMultiplier":1,"brandName":"Rainbow","slug":"rainbow-500g-classic-wok-mix-wokvihannekset-pakaste","isAgeLimitedByAlcohol":false,"frozen":true,"packagingLabels":["Sydänmerkki"],"packagingLabelCodes":["FINNISH_HEART_SYMBOL"],"hierarchyPath":[{"id":"1591691225905745","name":"Kasvissekoitukset","slug":"pakasteet-1/kasvispakasteet/kasvissekoitukset","__typename":"HierarchyPathItem"},{"id":"Herkku_00000132","name":"Kasvispakasteet","slug":"pakasteet-1/kasvispakasteet","__typename":"HierarchyPathItem"},{"id":"Herkku_00000013","name":"Pakasteet","slug":"pakasteet-1","__typename":"HierarchyPathItem"}],"isGlobalFallback":null,"countryName":{"fi":"Belgia","__typename":"CountryName"}},{"id":"7340011442912","ean":"7340011442912","name":"Rainbow 500g Oriental Style Wok Mix wokvihannekset itämaiseen tyyliin pakaste","price":1.59,"storeId":725782447,"__typename":"Product","approxPrice":false,"basicQuantityUnit":"KPL","comparisonPrice":3.18,"comparisonUnit":"KGM","consumerPackageSize":null,"consumerPackageUnit":null,"priceUnit":"KPL","quantityMultiplier":1,"brandName":"Rainbow","slug":"rainbow-500g-oriental-style-wok-mix-wokvihannekset-itamaiseen-tyyliin-pakaste","isAgeLimitedByAlcohol":false,"frozen":true,"packagingLabels":["Sydänmerkki"],"packagingLabelCodes":["FINNISH_HEART_SYMBOL"],"hierarchyPath":[{"id":"1591691225905745","name":"Kasvissekoitukset","slug":"pakasteet-1/kasvispakasteet/kasvissekoitukset","__typename":"HierarchyPathItem"},{"id":"Herkku_00000132","name":"Kasvispakasteet","slug":"pakasteet-1/kasvispakasteet","__typename":"HierarchyPathItem"},{"id":"Herkku_00000013","name":"Pakasteet","slug":"pakasteet-1","__typename":"HierarchyPathItem"}],"isGlobalFallback":null,"countryName":{"fi":"Belgia","__typename":"CountryName"}},{"id":"7340011445630","ean":"7340011445630","name":"Xtra salaattijuusto yrttiöljyssä 300g","price":2.79,"storeId":725782447,"__typename":"Product","approxPrice":false,"basicQuantityUnit":"KPL","comparisonPrice":9.3,"comparisonUnit":"KGM","consumerPackageSize":null,"consumerPackageUnit":null,"priceUnit":"KPL","quantityMultiplier":1,"brandName":"Xtra","slug":"xtra-salaattijuusto-yrttioljyssa-300g","isAgeLimitedByAlcohol":false,"frozen":false,"packagingLabels":[],"packagingLabelCodes":[],"hierarchyPath":[{"id":"1591691244827925","name":"Feta- ja salaattijuustot","slug":"juustot-0/ruoka-ja-herkuttelujuustot/feta-ja-salaattijuustot","__typename":"HierarchyPathItem"},{"id":"1591691244827915","name":"Ruoka- ja herkuttelujuustot","slug":"juustot-0/ruoka-ja-herkuttelujuustot","__typename":"HierarchyPathItem"},{"id":"Herkku_00000003","name":"Juustot","slug":"juustot-0","__typename":"HierarchyPathItem"}],"isGlobalFallback":null,"countryName":{"fi":"Saksa","__typename":"CountryName"}},{"id":"7340011446880","ean":"7340011446880","name":"Rainbow 5x85g nuudeli kana","price":2.2,"storeId":725782447,"__typename":"Product","approxPrice":false,"basicQuantityUnit":"KPL","comparisonPrice":5.18,"comparisonUnit":"KGM","consumerPackageSize":null,"consumerPackageUnit":null,"priceUnit":"KPL","quantityMultiplier":1,"brandName":"Rainbow","slug":"rainbow-5x85g-nuudeli-kana","isAgeLimitedByAlcohol":false,"frozen":false,"packagingLabels":[],"packagingLabelCodes":[],"hierarchyPath":[{"id":"Herkku_00000487","name":"Annosnuudelit","slug":"kuivatuotteet-ja-leivonta-1/riisit-pastat-ja-nuudelit/annosnuudelit","__typename":"HierarchyPathItem"},{"id":"Herkku_00000088","name":"Riisit, pastat ja nuudelit","slug":"kuivatuotteet-ja-leivonta-1/riisit-pastat-ja-nuudelit","__typename":"HierarchyPathItem"},{"id":"Herkku_00000007","name":"Kuivatuotteet ja leivonta","slug":"kuivatuotteet-ja-leivonta-1","__typename":"HierarchyPathItem"}],"isGlobalFallback":null,"countryName":{"fi":"Liettua","__typename":"CountryName"}},{"id":"7340011446965","ean":"7340011446965","name":"Rainbow 400ml kookosmaito","price":1.75,"storeId":725782447,"__typename":"Product","approxPrice":false,"basicQuantityUnit":"KPL","comparisonPrice":4.38,"comparisonUnit":"LTR","consumerPackageSize":null,"consumerPackageUnit":null,"priceUnit":"KPL","quantityMultiplier":1,"brandName":"Rainbow","slug":"rainbow-400ml-kookosmaito","isAgeLimitedByAlcohol":false,"frozen":false,"packagingLabels":[],"packagingLabelCodes":[],"hierarchyPath":[{"id":"Herkku_00000359","name":"Maitosäilykkeet","slug":"kuivatuotteet-ja-leivonta-1/sailykkeet/maitosailykkeet","__typename":"HierarchyPathItem"},{"id":"Herkku_00000063","name":"Säilykkeet","slug":"kuivatuotteet-ja-leivonta-1/sailykkeet","__typename":"HierarchyPathItem"},{"id":"Herkku_00000007","name":"Kuivatuotteet ja leivonta","slug":"kuivatuotteet-ja-leivonta-1","__typename":"HierarchyPathItem"}],"isGlobalFallback":null,"countryName":{"fi":"Thaimaa","__typename":"CountryName"}},{"id":"7340011447788","ean":"7340011447788","name":"Rainbow 6x50g hedelmärahka, mansikka, banaani ja aprikoosi","price":1.49,"storeId":725782447,"__typename":"Product","approxPrice":false,"basicQuantityUnit":"KPL","comparisonPrice":4.97,"comparisonUnit":"KGM","consumerPackageSize":null,"consumerPackageUnit":null,"priceUnit":"KPL","quantityMultiplier":1,"brandName":"Rainbow","slug":"rainbow-6x50g-hedelmarahka-mansikka-banaani-ja-aprikoosi","isAgeLimitedByAlcohol":false,"frozen":false,"packagingLabels":[],"packagingLabelCodes":[],"hierarchyPath":[{"id":"1591691235703027","name":"Maustetut rahkat","slug":"maito-munat-ja-rasvat-0/rahkat-vanukkaat-ja-jalkiruoka/maustetut-rahkat","__typename":"HierarchyPathItem"},{"id":"Herkku_00000115","name":"Rahkat, vanukkaat ja jälkiruoka","slug":"maito-munat-ja-rasvat-0/rahkat-vanukkaat-ja-jalkiruoka","__typename":"HierarchyPathItem"},{"id":"Herkku_00000006","name":"Maito, munat ja rasvat","slug":"maito-munat-ja-rasvat-0","__typename":"HierarchyPathItem"}],"isGlobalFallback":null,"countryName":{"fi":"Saksa","__typename":"CountryName"}},{"id":"7340011447887","ean":"7340011447887","name":"Rainbow 150g mangorahka 4%","price":0.85,"storeId":725782447,"__typename":"Product","approxPrice":false,"basicQuantityUnit":"KPL","comparisonPrice":5.67,"comparisonUnit":"KGM","consumerPackageSize":null,"consumerPackageUnit":null,"priceUnit":"KPL","quantityMultiplier":1,"brandName":"Rainbow","slug":"rainbow-150g-mangorahka-4","isAgeLimitedByAlcohol":false,"frozen":false,"packagingLabels":[],"packagingLabelCodes":[],"hierarchyPath":[{"id":"1591691235703027","name":"Maustetut rahkat","slug":"maito-munat-ja-rasvat-0/rahkat-vanukkaat-ja-jalkiruoka/maustetut-rahkat","__typename":"HierarchyPathItem"},{"id":"Herkku_00000115","name":"Rahkat, vanukkaat ja jälkiruoka","slug":"maito-munat-ja-rasvat-0/rahkat-vanukkaat-ja-jalkiruoka","__typename":"HierarchyPathItem"},{"id":"Herkku_00000006","name":"Maito, munat ja rasvat","slug":"maito-munat-ja-rasvat-0","__typename":"HierarchyPathItem"}],"isGlobalFallback":null,"countryName":{"fi":"Viro","__typename":"CountryName"}},{"id":"7340011452355","ean":"7340011452355","name":"Rainbow 100g cashewpähkinä natural","price":1.98,"storeId":725782447,"__typename":"Product","approxPrice":false,"basicQuantityUnit":"KPL","comparisonPrice":19.8,"comparisonUnit":"KGM","consumerPackageSize":null,"consumerPackageUnit":null,"priceUnit":"KPL","quantityMultiplier":1,"brandName":"Rainbow","slug":"rainbow-100g-cashewpahkina-natural","isAgeLimitedByAlcohol":false,"frozen":false,"packagingLabels":[],"packagingLabelCodes":[],"hierarchyPath":[{"id":"Herkku_00000305","name":"Pähkinät","slug":"kuivatuotteet-ja-leivonta-1/siemenet-pahkinat-ja-kuivatut-hedelmat/pahkinat","__typename":"HierarchyPathItem"},{"id":"Herkku_00000050","name":"Siemenet, pähkinät ja kuivatut hedelmät","slug":"kuivatuotteet-ja-leivonta-1/siemenet-pahkinat-ja-kuivatut-hedelmat","__typename":"HierarchyPathItem"},{"id":"Herkku_00000007","name":"Kuivatuotteet ja leivonta","slug":"kuivatuotteet-ja-leivonta-1","__typename":"HierarchyPathItem"}],"isGlobalFallback":null,"countryName":{"fi":"Vietnam","__typename":"CountryName"}},{"id":"7340011452362","ean":"7340011452362","name":"Rainbow 1kg Natural Peanuts maapähkinä","price":3.65,"storeId":725782447,"__typename":"Product","approxPrice":false,"basicQuantityUnit":"KPL","comparisonPrice":3.65,"comparisonUnit":"KGM","consumerPackageSize":null,"consumerPackageUnit":null,"priceUnit":"KPL","quantityMultiplier":1,"brandName":"Rainbow","slug":"rainbow-1kg-natural-peanuts-maapahkina","isAgeLimitedByAlcohol":false,"frozen":false,"packagingLabels":[],"packagingLabelCodes":[],"hierarchyPath":[{"id":"Herkku_00000305","name":"Pähkinät","slug":"kuivatuotteet-ja-leivonta-1/siemenet-pahkinat-ja-kuivatut-hedelmat/pahkinat","__typename":"HierarchyPathItem"},{"id":"Herkku_00000050","name":"Siemenet, pähkinät ja kuivatut hedelmät","slug":"kuivatuotteet-ja-leivonta-1/siemenet-pahkinat-ja-kuivatut-hedelmat","__typename":"HierarchyPathItem"},{"id":"Herkku_00000007","name":"Kuivatuotteet ja leivonta","slug":"kuivatuotteet-ja-leivonta-1","__typename":"HierarchyPathItem"}],"isGlobalFallback":null,"countryName":{"fi":"Argentiina","__typename":"CountryName"}},{"id":"7340011452379","ean":"7340011452379","name":"Rainbow 200g manteli","price":2.85,"storeId":725782447,"__typename":"Product","approxPrice":false,"basicQuantityUnit":"KPL","comparisonPrice":14.25,"comparisonUnit":"KGM","consumerPackageSize":null,"consumerPackageUnit":null,"priceUnit":"KPL","quantityMultiplier":1,"brandName":"Rainbow","slug":"rainbow-200g-manteli","isAgeLimitedByAlcohol":false,"frozen":false,"packagingLabels":[],"packagingLabelCodes":[],"hierarchyPath":[{"id":"Herkku_00000305","name":"Pähkinät","slug":"kuivatuotteet-ja-leivonta-1/siemenet-pahkinat-ja-kuivatut-hedelmat/pahkinat","__typename":"HierarchyPathItem"},{"id":"Herkku_00000050","name":"Siemenet, pähkinät ja kuivatut hedelmät","slug":"kuivatuotteet-ja-leivonta-1/siemenet-pahkinat-ja-kuivatut-hedelmat","__typename":"HierarchyPathItem"},{"id":"Herkku_00000007","name":"Kuivatuotteet ja leivonta","slug":"kuivatuotteet-ja-leivonta-1","__typename":"HierarchyPathItem"}],"isGlobalFallback":null,"countryName":{"fi":"Yhdysvallat","__typename":"CountryName"}},{"id":"7340011452478","ean":"7340011452478","name":"Rainbow Ice Tea peach persikkajäätee 1,5l","price":1.75,"storeId":725782447,"__typename":"Product","approxPrice":false,"basicQuantityUnit":"KPL","comparisonPrice":1.17,"comparisonUnit":"LTR","consumerPackageSize":null,"consumerPackageUnit":null,"priceUnit":"KPL","quantityMultiplier":1,"brandName":"Rainbow","slug":"rainbow-ice-tea-peach-persikkajaatee-1-5l","isAgeLimitedByAlcohol":false,"frozen":false,"packagingLabels":["FSC-sertifikaatti (Forest Stewardship Council)"],"packagingLabelCodes":["FOREST_STEWARDSHIP_COUNCIL_LABEL"],"hierarchyPath":[{"id":"Herkku_00000673","name":"Jääteet","slug":"juomat-1/mehut/jaateet","__typename":"HierarchyPathItem"},{"id":"Herkku_00000120","name":"Mehut","slug":"juomat-1/mehut","__typename":"HierarchyPathItem"},{"id":"Herkku_00000005","name":"Juomat","slug":"juomat-1","__typename":"HierarchyPathItem"}],"isGlobalFallback":null,"countryName":{"fi":"Suomi","__typename":"CountryName"}},{"id":"7340011452843","ean":"7340011452843","name":"Rainbow 150g Cashews valkosuklaacashewpähkinä","price":2.69,"storeId":725782447,"__typename":"Product","approxPrice":false,"basicQuantityUnit":"KPL","comparisonPrice":17.93,"comparisonUnit":"KGM","consumerPackageSize":null,"consumerPackageUnit":null,"priceUnit":"KPL","quantityMultiplier":1,"brandName":"Rainbow","slug":"rainbow-150g-cashews-valkosuklaacashewpahkina","isAgeLimitedByAlcohol":false,"frozen":false,"packagingLabels":[],"packagingLabelCodes":[],"hierarchyPath":[{"id":"Herkku_00000305","name":"Pähkinät","slug":"kuivatuotteet-ja-leivonta-1/siemenet-pahkinat-ja-kuivatut-hedelmat/pahkinat","__typename":"HierarchyPathItem"},{"id":"Herkku_00000050","name":"Siemenet, pähkinät ja kuivatut hedelmät","slug":"kuivatuotteet-ja-leivonta-1/siemenet-pahkinat-ja-kuivatut-hedelmat","__typename":"HierarchyPathItem"},{"id":"Herkku_00000007","name":"Kuivatuotteet ja leivonta","slug":"kuivatuotteet-ja-leivonta-1","__typename":"HierarchyPathItem"}],"isGlobalFallback":null,"countryName":{"fi":"Alankomaat","__typename":"CountryName"}},{"id":"7340011452850","ean":"7340011452850","name":"Rainbow 150g Raisins valkosuklaarusina","price":2.15,"storeId":725782447,"__typename":"Product","approxPrice":false,"basicQuantityUnit":"KPL","comparisonPrice":14.33,"comparisonUnit":"KGM","consumerPackageSize":null,"consumerPackageUnit":null,"priceUnit":"KPL","quantityMultiplier":1,"brandName":"Rainbow","slug":"rainbow-150g-raisins-valkosuklaarusina","isAgeLimitedByAlcohol":false,"frozen":false,"packagingLabels":[],"packagingLabelCodes":[],"hierarchyPath":[{"id":"Herkku_00000306","name":"Kuivatut hedelmät ja marjat","slug":"kuivatuotteet-ja-leivonta-1/siemenet-pahkinat-ja-kuivatut-hedelmat/kuivatut-hedelmat-ja-marjat","__typename":"HierarchyPathItem"},{"id":"Herkku_00000050","name":"Siemenet, pähkinät ja kuivatut hedelmät","slug":"kuivatuotteet-ja-leivonta-1/siemenet-pahkinat-ja-kuivatut-hedelmat","__typename":"HierarchyPathItem"},{"id":"Herkku_00000007","name":"Kuivatuotteet ja leivonta","slug":"kuivatuotteet-ja-leivonta-1","__typename":"HierarchyPathItem"}],"isGlobalFallback":null,"countryName":{"fi":"Alankomaat","__typename":"CountryName"}},{"id":"7340011452874","ean":"7340011452874","name":"Rainbow Vaahtokarkit 250 g","price":2.15,"storeId":725782447,"__typename":"Product","approxPrice":false,"basicQuantityUnit":"KPL","comparisonPrice":8.6,"comparisonUnit":"KGM","consumerPackageSize":null,"consumerPackageUnit":null,"priceUnit":"KPL","quantityMultiplier":1,"brandName":"Rainbow","slug":"rainbow-vaahtokarkit-250-g","isAgeLimitedByAlcohol":false,"frozen":false,"packagingLabels":[],"packagingLabelCodes":[],"hierarchyPath":[{"id":"Herkku_00000323","name":"Vaahtokarkit","slug":"makeiset-ja-naposteltavat-1/karkkipussit/vaahtokarkit","__typename":"HierarchyPathItem"},{"id":"Herkku_00000055","name":"Karkkipussit","slug":"makeiset-ja-naposteltavat-1/karkkipussit","__typename":"HierarchyPathItem"},{"id":"Herkku_00000009","name":"Makeiset ja naposteltavat","slug":"makeiset-ja-naposteltavat-1","__typename":"HierarchyPathItem"}],"isGlobalFallback":null,"countryName":{"fi":"Belgia","__typename":"CountryName"}},{"id":"7340011454304","ean":"7340011454304","name":"Rainbow 400g auringonkukansiemenet natural","price":2.35,"storeId":725782447,"__typename":"Product","approxPrice":false,"basicQuantityUnit":"KPL","comparisonPrice":5.88,"comparisonUnit":"KGM","consumerPackageSize":null,"consumerPackageUnit":null,"priceUnit":"KPL","quantityMultiplier":1,"brandName":"Rainbow","slug":"rainbow-400g-auringonkukansiemenet-natural","isAgeLimitedByAlcohol":false,"frozen":false,"packagingLabels":[],"packagingLabelCodes":[],"hierarchyPath":[{"id":"Herkku_00000307","name":"Siemenet","slug":"kuivatuotteet-ja-leivonta-1/siemenet-pahkinat-ja-kuivatut-hedelmat/siemenet","__typename":"HierarchyPathItem"},{"id":"Herkku_00000050","name":"Siemenet, pähkinät ja kuivatut hedelmät","slug":"kuivatuotteet-ja-leivonta-1/siemenet-pahkinat-ja-kuivatut-hedelmat","__typename":"HierarchyPathItem"},{"id":"Herkku_00000007","name":"Kuivatuotteet ja leivonta","slug":"kuivatuotteet-ja-leivonta-1","__typename":"HierarchyPathItem"}],"isGlobalFallback":null,"countryName":{"fi":"Liettua","__typename":"CountryName"}},{"id":"7340011456322","ean":"7340011456322","name":"Rainbow Tonnikalaa, mausteena inkivääriä, sitruunaa ja seesamia 185 g","price":2.39,"storeId":725782447,"__typename":"Product","approxPrice":false,"basicQuantityUnit":"KPL","comparisonPrice":12.92,"comparisonUnit":"KGM","consumerPackageSize":null,"consumerPackageUnit":null,"priceUnit":"KPL","quantityMultiplier":1,"brandName":"Rainbow","slug":"rainbow-tonnikalaa-mausteena-inkivaaria-sitruunaa-ja-seesamia-185-g","isAgeLimitedByAlcohol":false,"frozen":false,"packagingLabels":[],"packagingLabelCodes":[],"hierarchyPath":[{"id":"Herkku_00000352","name":"Kala- ja äyriäissäilykkeet","slug":"kuivatuotteet-ja-leivonta-1/sailykkeet/kala-ja-ayriaissailykkeet","__typename":"HierarchyPathItem"},{"id":"Herkku_00000063","name":"Säilykkeet","slug":"kuivatuotteet-ja-leivonta-1/sailykkeet","__typename":"HierarchyPathItem"},{"id":"Herkku_00000007","name":"Kuivatuotteet ja leivonta","slug":"kuivatuotteet-ja-leivonta-1","__typename":"HierarchyPathItem"}],"isGlobalFallback":null,"countryName":{"fi":"Thaimaa","__typename":"CountryName"}},{"id":"7340011456452","ean":"7340011456452","name":"Rainbow juotava marjajogurtti 4x100g","price":1.55,"storeId":725782447,"__typename":"Product","approxPrice":false,"basicQuantityUnit":"KPL","comparisonPrice":3.88,"comparisonUnit":"KGM","consumerPackageSize":null,"consumerPackageUnit":null,"priceUnit":"KPL","quantityMultiplier":1,"brandName":"Rainbow","slug":"rainbow-juotava-marjajogurtti-4x100g","isAgeLimitedByAlcohol":false,"frozen":false,"packagingLabels":[],"packagingLabelCodes":[],"hierarchyPath":[{"id":"Herkku_00000637","name":"Juotavat jogurtit","slug":"maito-munat-ja-rasvat-0/jogurtit/juotavat-jogurtit","__typename":"HierarchyPathItem"},{"id":"Herkku_00000118","name":"Jogurtit","slug":"maito-munat-ja-rasvat-0/jogurtit","__typename":"HierarchyPathItem"},{"id":"Herkku_00000006","name":"Maito, munat ja rasvat","slug":"maito-munat-ja-rasvat-0","__typename":"HierarchyPathItem"}],"isGlobalFallback":null,"countryName":{"fi":"Itävalta","__typename":"CountryName"}},{"id":"7340011456506","ean":"7340011456506","name":"Rainbow 230g tacokastike medium","price":1.69,"storeId":725782447,"__typename":"Product","approxPrice":false,"basicQuantityUnit":"KPL","comparisonPrice":7.35,"comparisonUnit":"KGM","consumerPackageSize":null,"consumerPackageUnit":null,"priceUnit":"KPL","quantityMultiplier":1,"brandName":"Rainbow","slug":"rainbow-230g-tacokastike-medium","isAgeLimitedByAlcohol":false,"frozen":false,"packagingLabels":[],"packagingLabelCodes":[],"hierarchyPath":[{"id":"Herkku_00000466","name":"Tex-mex kastikkeet","slug":"oljyt-mausteet-maustaminen-1/tex-mex/tex-mex-kastikkeet","__typename":"HierarchyPathItem"},{"id":"StructureGroup_198285814629","name":"Tex mex","slug":"oljyt-mausteet-maustaminen-1/tex-mex","__typename":"HierarchyPathItem"},{"id":"Herkku_00000011","name":"Öljyt, mausteet, maustaminen","slug":"oljyt-mausteet-maustaminen-1","__typename":"HierarchyPathItem"}],"isGlobalFallback":null,"countryName":{"fi":"Belgia","__typename":"CountryName"}},{"id":"7340011456513","ean":"7340011456513","name":"Rainbow 230g tacokastike hot","price":1.69,"storeId":725782447,"__typename":"Product","approxPrice":false,"basicQuantityUnit":"KPL","comparisonPrice":7.35,"comparisonUnit":"KGM","consumerPackageSize":null,"consumerPackageUnit":null,"priceUnit":"KPL","quantityMultiplier":1,"brandName":"Rainbow","slug":"rainbow-230g-tacokastike-hot","isAgeLimitedByAlcohol":false,"frozen":false,"packagingLabels":[],"packagingLabelCodes":[],"hierarchyPath":[{"id":"Herkku_00000466","name":"Tex-mex kastikkeet","slug":"oljyt-mausteet-maustaminen-1/tex-mex/tex-mex-kastikkeet","__typename":"HierarchyPathItem"},{"id":"StructureGroup_198285814629","name":"Tex mex","slug":"oljyt-mausteet-maustaminen-1/tex-mex","__typename":"HierarchyPathItem"},{"id":"Herkku_00000011","name":"Öljyt, mausteet, maustaminen","slug":"oljyt-mausteet-maustaminen-1","__typename":"HierarchyPathItem"}],"isGlobalFallback":null,"countryName":{"fi":"Belgia","__typename":"CountryName"}},{"id":"7340011457138","ean":"7340011457138","name":"Rainbow 175g Mansikka Riisivälipala","price":0.75,"storeId":725782447,"__typename":"Product","approxPrice":false,"basicQuantityUnit":"KPL","comparisonPrice":4.29,"comparisonUnit":"KGM","consumerPackageSize":null,"consumerPackageUnit":null,"priceUnit":"KPL","quantityMultiplier":1,"brandName":"Rainbow","slug":"rainbow-175g-mansikka-riisivalipala","isAgeLimitedByAlcohol":false,"frozen":false,"packagingLabels":[],"packagingLabelCodes":[],"hierarchyPath":[{"id":"Herkku_00000649","name":"Muut välipalat ja jälkiruoat","slug":"maito-munat-ja-rasvat-0/rahkat-vanukkaat-ja-jalkiruoka/muut-valipalat-ja-jalkiruoat","__typename":"HierarchyPathItem"},{"id":"Herkku_00000115","name":"Rahkat, vanukkaat ja jälkiruoka","slug":"maito-munat-ja-rasvat-0/rahkat-vanukkaat-ja-jalkiruoka","__typename":"HierarchyPathItem"},{"id":"Herkku_00000006","name":"Maito, munat ja rasvat","slug":"maito-munat-ja-rasvat-0","__typename":"HierarchyPathItem"}],"isGlobalFallback":null,"countryName":{"fi":"Tšekki","__typename":"CountryName"}},{"id":"7340011457381","ean":"7340011457381","name":"Rainbow 175g kuivapaahdetut ja maustetut maapähkinät","price":1.79,"storeId":725782447,"__typename":"Product","approxPrice":false,"basicQuantityUnit":"KPL","comparisonPrice":10.23,"comparisonUnit":"KGM","consumerPackageSize":null,"consumerPackageUnit":null,"priceUnit":"KPL","quantityMultiplier":1,"brandName":"Rainbow","slug":"rainbow-175g-kuivapaahdetut-ja-maustetut-maapahkinat","isAgeLimitedByAlcohol":false,"frozen":false,"packagingLabels":[],"packagingLabelCodes":[],"hierarchyPath":[{"id":"Herkku_00000305","name":"Pähkinät","slug":"kuivatuotteet-ja-leivonta-1/siemenet-pahkinat-ja-kuivatut-hedelmat/pahkinat","__typename":"HierarchyPathItem"},{"id":"Herkku_00000050","name":"Siemenet, pähkinät ja kuivatut hedelmät","slug":"kuivatuotteet-ja-leivonta-1/siemenet-pahkinat-ja-kuivatut-hedelmat","__typename":"HierarchyPathItem"},{"id":"Herkku_00000007","name":"Kuivatuotteet ja leivonta","slug":"kuivatuotteet-ja-leivonta-1","__typename":"HierarchyPathItem"}],"isGlobalFallback":null,"countryName":{"fi":"Alankomaat","__typename":"CountryName"}},{"id":"7340011460114","ean":"7340011460114","name":"Rainbow 57/35g kapris","price":0.79,"storeId":725782447,"__typename":"Product","approxPrice":false,"basicQuantityUnit":"KPL","comparisonPrice":22.57,"comparisonUnit":"KGM","consumerPackageSize":null,"consumerPackageUnit":null,"priceUnit":"KPL","quantityMultiplier":1,"brandName":"Rainbow","slug":"rainbow-5735g-kapris","isAgeLimitedByAlcohol":false,"frozen":false,"packagingLabels":[],"packagingLabelCodes":[],"hierarchyPath":[{"id":"Herkku_00000353","name":"Hedelmäsäilykkeet","slug":"kuivatuotteet-ja-leivonta-1/sailykkeet/hedelmasailykkeet","__typename":"HierarchyPathItem"},{"id":"Herkku_00000063","name":"Säilykkeet","slug":"kuivatuotteet-ja-leivonta-1/sailykkeet","__typename":"HierarchyPathItem"},{"id":"Herkku_00000007","name":"Kuivatuotteet ja leivonta","slug":"kuivatuotteet-ja-leivonta-1","__typename":"HierarchyPathItem"}],"isGlobalFallback":null,"countryName":{"fi":"Espanja","__typename":"CountryName"}},{"id":"7340011460183","ean":"7340011460183","name":"Rainbow sipulikeitto 3x63g","price":2.45,"storeId":725782447,"__typename":"Product","approxPrice":false,"basicQuantityUnit":"KPL","comparisonPrice":12.96,"comparisonUnit":"KGM","consumerPackageSize":null,"consumerPackageUnit":null,"priceUnit":"KPL","quantityMultiplier":1,"brandName":"Rainbow","slug":"rainbow-sipulikeitto-3x63g","isAgeLimitedByAlcohol":false,"frozen":false,"packagingLabels":[],"packagingLabelCodes":[],"hierarchyPath":[{"id":"Herkku_00000473","name":"Pussikeitot","slug":"kuivatuotteet-ja-leivonta-1/ateria-ainekset/pussikeitot","__typename":"HierarchyPathItem"},{"id":"Herkku_00000087","name":"Ateria-ainekset","slug":"kuivatuotteet-ja-leivonta-1/ateria-ainekset","__typename":"HierarchyPathItem"},{"id":"Herkku_00000007","name":"Kuivatuotteet ja leivonta","slug":"kuivatuotteet-ja-leivonta-1","__typename":"HierarchyPathItem"}],"isGlobalFallback":null,"countryName":{"fi":"Italia","__typename":"CountryName"}},{"id":"7340011460374","ean":"7340011460374","name":"Rainbow 200g hasselpähkinät natural","price":3.49,"storeId":725782447,"__typename":"Product","approxPrice":false,"basicQuantityUnit":"KPL","comparisonPrice":17.45,"comparisonUnit":"KGM","consumerPackageSize":null,"consumerPackageUnit":null,"priceUnit":"KPL","quantityMultiplier":1,"brandName":"Rainbow","slug":"rainbow-200g-hasselpahkinat-natural","isAgeLimitedByAlcohol":false,"frozen":false,"packagingLabels":[],"packagingLabelCodes":[],"hierarchyPath":[{"id":"Herkku_00000305","name":"Pähkinät","slug":"kuivatuotteet-ja-leivonta-1/siemenet-pahkinat-ja-kuivatut-hedelmat/pahkinat","__typename":"HierarchyPathItem"},{"id":"Herkku_00000050","name":"Siemenet, pähkinät ja kuivatut hedelmät","slug":"kuivatuotteet-ja-leivonta-1/siemenet-pahkinat-ja-kuivatut-hedelmat","__typename":"HierarchyPathItem"},{"id":"Herkku_00000007","name":"Kuivatuotteet ja leivonta","slug":"kuivatuotteet-ja-leivonta-1","__typename":"HierarchyPathItem"}],"isGlobalFallback":null,"countryName":{"fi":"Georgia","__typename":"CountryName"}},{"id":"7340011460893","ean":"7340011460893","name":"Rainbow 90g Smoothie päärynä-banaani-mansikka, luomu","price":0.85,"storeId":725782447,"__typename":"Product","approxPrice":false,"basicQuantityUnit":"KPL","comparisonPrice":9.44,"comparisonUnit":"KGM","consumerPackageSize":null,"consumerPackageUnit":null,"priceUnit":"KPL","quantityMultiplier":1,"brandName":"Rainbow","slug":"rainbow-90g-smoothie-paaryna-banaani-mansikka-luomu","isAgeLimitedByAlcohol":false,"frozen":false,"packagingLabels":["EU:n luomutunnus (lehti)"],"packagingLabelCodes":["EU_ORGANIC_FARMING"],"hierarchyPath":[{"id":"1591691240683151","name":"Soseet 5-6 kk ikäiset","slug":"lapset-1/lasten-valipalasoseet-ja-muut-valipalat/soseet-5-6-kk-ikaiset","__typename":"HierarchyPathItem"},{"id":"1591691240683140","name":"Lasten välipalasoseet ja muut välipalat","slug":"lapset-1/lasten-valipalasoseet-ja-muut-valipalat","__typename":"HierarchyPathItem"},{"id":"Herkku_00000010","name":"Lapset","slug":"lapset-1","__typename":"HierarchyPathItem"}],"isGlobalFallback":null,"countryName":{"fi":"Espanja","__typename":"CountryName"}},{"id":"7340011460978","ean":"7340011460978","name":"Rainbow 100g saksanpähkinä natural","price":1.85,"storeId":725782447,"__typename":"Product","approxPrice":false,"basicQuantityUnit":"KPL","comparisonPrice":18.5,"comparisonUnit":"KGM","consumerPackageSize":null,"consumerPackageUnit":null,"priceUnit":"KPL","quantityMultiplier":1,"brandName":"Rainbow","slug":"rainbow-100g-saksanpahkina-natural","isAgeLimitedByAlcohol":false,"frozen":false,"packagingLabels":[],"packagingLabelCodes":[],"hierarchyPath":[{"id":"Herkku_00000305","name":"Pähkinät","slug":"kuivatuotteet-ja-leivonta-1/siemenet-pahkinat-ja-kuivatut-hedelmat/pahkinat","__typename":"HierarchyPathItem"},{"id":"Herkku_00000050","name":"Siemenet, pähkinät ja kuivatut hedelmät","slug":"kuivatuotteet-ja-leivonta-1/siemenet-pahkinat-ja-kuivatut-hedelmat","__typename":"HierarchyPathItem"},{"id":"Herkku_00000007","name":"Kuivatuotteet ja leivonta","slug":"kuivatuotteet-ja-leivonta-1","__typename":"HierarchyPathItem"}],"isGlobalFallback":null,"countryName":{"fi":"Yhdysvallat","__typename":"CountryName"}},{"id":"7340011461319","ean":"7340011461319","name":"Rainbow 250g jogurttirahka 0,9%","price":0.99,"storeId":725782447,"__typename":"Product","approxPrice":false,"basicQuantityUnit":"KPL","comparisonPrice":3.96,"comparisonUnit":"KGM","consumerPackageSize":null,"consumerPackageUnit":null,"priceUnit":"KPL","quantityMultiplier":1,"brandName":"Rainbow","slug":"rainbow-250g-jogurttirahka-0-9","isAgeLimitedByAlcohol":false,"frozen":false,"packagingLabels":[],"packagingLabelCodes":[],"hierarchyPath":[{"id":"1591691235703025","name":"Maustamattomat rahkat","slug":"maito-munat-ja-rasvat-0/rahkat-vanukkaat-ja-jalkiruoka/maustamattomat-rahkat","__typename":"HierarchyPathItem"},{"id":"Herkku_00000115","name":"Rahkat, vanukkaat ja jälkiruoka","slug":"maito-munat-ja-rasvat-0/rahkat-vanukkaat-ja-jalkiruoka","__typename":"HierarchyPathItem"},{"id":"Herkku_00000006","name":"Maito, munat ja rasvat","slug":"maito-munat-ja-rasvat-0","__typename":"HierarchyPathItem"}],"isGlobalFallback":null,"countryName":{"fi":"Saksa","__typename":"CountryName"}},{"id":"7340011461340","ean":"7340011461340","name":"Rainbow 150g fetajuusto luomu","price":2.85,"storeId":725782447,"__typename":"Product","approxPrice":false,"basicQuantityUnit":"KPL","comparisonPrice":19,"comparisonUnit":"KGM","consumerPackageSize":null,"consumerPackageUnit":null,"priceUnit":"KPL","quantityMultiplier":1,"brandName":"Rainbow","slug":"rainbow-150g-fetajuusto-luomu","isAgeLimitedByAlcohol":false,"frozen":false,"packagingLabels":[],"packagingLabelCodes":[],"hierarchyPath":[{"id":"1591691244827925","name":"Feta- ja salaattijuustot","slug":"juustot-0/ruoka-ja-herkuttelujuustot/feta-ja-salaattijuustot","__typename":"HierarchyPathItem"},{"id":"1591691244827915","name":"Ruoka- ja herkuttelujuustot","slug":"juustot-0/ruoka-ja-herkuttelujuustot","__typename":"HierarchyPathItem"},{"id":"Herkku_00000003","name":"Juustot","slug":"juustot-0","__typename":"HierarchyPathItem"}],"isGlobalFallback":null,"countryName":{"fi":"Kreikka","__typename":"CountryName"}},{"id":"7340011461722","ean":"7340011461722","name":"Rainbow 500g mangorahka 3,5%","price":2.69,"storeId":725782447,"__typename":"Product","approxPrice":false,"basicQuantityUnit":"KPL","comparisonPrice":5.38,"comparisonUnit":"KGM","consumerPackageSize":null,"consumerPackageUnit":null,"priceUnit":"KPL","quantityMultiplier":1,"brandName":"Rainbow","slug":"rainbow-500g-mangorahka-3-5","isAgeLimitedByAlcohol":false,"frozen":false,"packagingLabels":[],"packagingLabelCodes":[],"hierarchyPath":[{"id":"1591691235703027","name":"Maustetut rahkat","slug":"maito-munat-ja-rasvat-0/rahkat-vanukkaat-ja-jalkiruoka/maustetut-rahkat","__typename":"HierarchyPathItem"},{"id":"Herkku_00000115","name":"Rahkat, vanukkaat ja jälkiruoka","slug":"maito-munat-ja-rasvat-0/rahkat-vanukkaat-ja-jalkiruoka","__typename":"HierarchyPathItem"},{"id":"Herkku_00000006","name":"Maito, munat ja rasvat","slug":"maito-munat-ja-rasvat-0","__typename":"HierarchyPathItem"}],"isGlobalFallback":null,"countryName":{"fi":"Saksa","__typename":"CountryName"}},{"id":"7340011462705","ean":"7340011462705","name":"Rainbow 120g sardiinit tomaattikastikkeessa","price":1.49,"storeId":725782447,"__typename":"Product","approxPrice":false,"basicQuantityUnit":"KPL","comparisonPrice":12.42,"comparisonUnit":"KGM","consumerPackageSize":null,"consumerPackageUnit":null,"priceUnit":"KPL","quantityMultiplier":1,"brandName":"Rainbow","slug":"rainbow-120g-sardiinit-tomaattikastikkeessa","isAgeLimitedByAlcohol":false,"frozen":false,"packagingLabels":["MSC (Marine Stewardship Council)"],"packagingLabelCodes":["MARINE_STEWARDSHIP_COUNCIL_LABEL"],"hierarchyPath":[{"id":"Herkku_00000352","name":"Kala- ja äyriäissäilykkeet","slug":"kuivatuotteet-ja-leivonta-1/sailykkeet/kala-ja-ayriaissailykkeet","__typename":"HierarchyPathItem"},{"id":"Herkku_00000063","name":"Säilykkeet","slug":"kuivatuotteet-ja-leivonta-1/sailykkeet","__typename":"HierarchyPathItem"},{"id":"Herkku_00000007","name":"Kuivatuotteet ja leivonta","slug":"kuivatuotteet-ja-leivonta-1","__typename":"HierarchyPathItem"}],"isGlobalFallback":null,"countryName":{"fi":"Portugali","__typename":"CountryName"}},{"id":"7340011462842","ean":"7340011462842","name":"Rainbow suklaatuutti 120ml/69g","price":0.65,"storeId":725782447,"__typename":"Product","approxPrice":false,"basicQuantityUnit":"KPL","comparisonPrice":9.42,"comparisonUnit":"KGM","consumerPackageSize":null,"consumerPackageUnit":null,"priceUnit":"KPL","quantityMultiplier":1,"brandName":"Rainbow","slug":"rainbow-suklaatuutti-120ml69g","isAgeLimitedByAlcohol":false,"frozen":true,"packagingLabels":["Rainforest alliance certified (Sammakko-merkki)"],"packagingLabelCodes":["RAINFOREST_ALLIANCE"],"hierarchyPath":[{"id":"1591691225905928","name":"Yksittäiset jäätelöt","slug":"pakasteet-1/jaatelot/yksittaiset-jaatelot","__typename":"HierarchyPathItem"},{"id":"Herkku_00000130","name":"Jäätelöt","slug":"pakasteet-1/jaatelot","__typename":"HierarchyPathItem"},{"id":"Herkku_00000013","name":"Pakasteet","slug":"pakasteet-1","__typename":"HierarchyPathItem"}],"isGlobalFallback":null,"countryName":{"fi":"Puola","__typename":"CountryName"}},{"id":"7340011462859","ean":"7340011462859","name":"Rainbow toffeetuutti 120ml/69g","price":0.65,"storeId":725782447,"__typename":"Product","approxPrice":false,"basicQuantityUnit":"KPL","comparisonPrice":9.42,"comparisonUnit":"KGM","consumerPackageSize":null,"consumerPackageUnit":null,"priceUnit":"KPL","quantityMultiplier":1,"brandName":"Rainbow","slug":"rainbow-toffeetuutti-120ml69g","isAgeLimitedByAlcohol":false,"frozen":true,"packagingLabels":["Rainforest alliance certified (Sammakko-merkki)"],"packagingLabelCodes":["RAINFOREST_ALLIANCE"],"hierarchyPath":[{"id":"1591691225905928","name":"Yksittäiset jäätelöt","slug":"pakasteet-1/jaatelot/yksittaiset-jaatelot","__typename":"HierarchyPathItem"},{"id":"Herkku_00000130","name":"Jäätelöt","slug":"pakasteet-1/jaatelot","__typename":"HierarchyPathItem"},{"id":"Herkku_00000013","name":"Pakasteet","slug":"pakasteet-1","__typename":"HierarchyPathItem"}],"isGlobalFallback":null,"countryName":{"fi":"Puola","__typename":"CountryName"}},{"id":"7340011462972","ean":"7340011462972","name":"Rainbow purukumi mentoli ksylitoli 130g","price":2.29,"storeId":725782447,"__typename":"Product","approxPrice":false,"basicQuantityUnit":"KPL","comparisonPrice":17.62,"comparisonUnit":"KGM","consumerPackageSize":null,"consumerPackageUnit":null,"priceUnit":"KPL","quantityMultiplier":1,"brandName":"Rainbow","slug":"rainbow-purukumi-mentoli-ksylitoli-130g","isAgeLimitedByAlcohol":false,"frozen":false,"packagingLabels":[],"packagingLabelCodes":[],"hierarchyPath":[{"id":"Herkku_00000331","name":"Purukumipussit","slug":"makeiset-ja-naposteltavat-1/purukumit/purukumipussit","__typename":"HierarchyPathItem"},{"id":"Herkku_00000059","name":"Purukumit","slug":"makeiset-ja-naposteltavat-1/purukumit","__typename":"HierarchyPathItem"},{"id":"Herkku_00000009","name":"Makeiset ja naposteltavat","slug":"makeiset-ja-naposteltavat-1","__typename":"HierarchyPathItem"}],"isGlobalFallback":null,"countryName":{"fi":"Turkki","__typename":"CountryName"}},{"id":"7340011462989","ean":"7340011462989","name":"Rainbow purukumi salmiakki mix ksylitoli 130g","price":2.29,"storeId":725782447,"__typename":"Product","approxPrice":false,"basicQuantityUnit":"KPL","comparisonPrice":17.62,"comparisonUnit":"KGM","consumerPackageSize":null,"consumerPackageUnit":null,"priceUnit":"KPL","quantityMultiplier":1,"brandName":"Rainbow","slug":"rainbow-purukumi-salmiakki-mix-ksylitoli-130g","isAgeLimitedByAlcohol":false,"frozen":false,"packagingLabels":[],"packagingLabelCodes":[],"hierarchyPath":[{"id":"Herkku_00000331","name":"Purukumipussit","slug":"makeiset-ja-naposteltavat-1/purukumit/purukumipussit","__typename":"HierarchyPathItem"},{"id":"Herkku_00000059","name":"Purukumit","slug":"makeiset-ja-naposteltavat-1/purukumit","__typename":"HierarchyPathItem"},{"id":"Herkku_00000009","name":"Makeiset ja naposteltavat","slug":"makeiset-ja-naposteltavat-1","__typename":"HierarchyPathItem"}],"isGlobalFallback":null,"countryName":{"fi":"Turkki","__typename":"CountryName"}},{"id":"7340011462996","ean":"7340011462996","name":"Rainbow purukumi piparminttu täysksylitoli 130g","price":2.45,"storeId":725782447,"__typename":"Product","approxPrice":false,"basicQuantityUnit":"KPL","comparisonPrice":18.85,"comparisonUnit":"KGM","consumerPackageSize":null,"consumerPackageUnit":null,"priceUnit":"KPL","quantityMultiplier":1,"brandName":"Rainbow","slug":"rainbow-purukumi-piparminttu-taysksylitoli-130g","isAgeLimitedByAlcohol":false,"frozen":false,"packagingLabels":[],"packagingLabelCodes":[],"hierarchyPath":[{"id":"Herkku_00000331","name":"Purukumipussit","slug":"makeiset-ja-naposteltavat-1/purukumit/purukumipussit","__typename":"HierarchyPathItem"},{"id":"Herkku_00000059","name":"Purukumit","slug":"makeiset-ja-naposteltavat-1/purukumit","__typename":"HierarchyPathItem"},{"id":"Herkku_00000009","name":"Makeiset ja naposteltavat","slug":"makeiset-ja-naposteltavat-1","__typename":"HierarchyPathItem"}],"isGlobalFallback":null,"countryName":{"fi":"Turkki","__typename":"CountryName"}},{"id":"7340011463450","ean":"7340011463450","name":"Rainbow 500g cashewpähkinä natural","price":9.37,"storeId":725782447,"__typename":"Product","approxPrice":false,"basicQuantityUnit":"KPL","comparisonPrice":18.74,"comparisonUnit":"KGM","consumerPackageSize":null,"consumerPackageUnit":null,"priceUnit":"KPL","quantityMultiplier":1,"brandName":"Rainbow","slug":"rainbow-500g-cashewpahkina-natural","isAgeLimitedByAlcohol":false,"frozen":false,"packagingLabels":[],"packagingLabelCodes":[],"hierarchyPath":[{"id":"Herkku_00000305","name":"Pähkinät","slug":"kuivatuotteet-ja-leivonta-1/siemenet-pahkinat-ja-kuivatut-hedelmat/pahkinat","__typename":"HierarchyPathItem"},{"id":"Herkku_00000050","name":"Siemenet, pähkinät ja kuivatut hedelmät","slug":"kuivatuotteet-ja-leivonta-1/siemenet-pahkinat-ja-kuivatut-hedelmat","__typename":"HierarchyPathItem"},{"id":"Herkku_00000007","name":"Kuivatuotteet ja leivonta","slug":"kuivatuotteet-ja-leivonta-1","__typename":"HierarchyPathItem"}],"isGlobalFallback":null,"countryName":{"fi":"Vietnam","__typename":"CountryName"}},{"id":"7340011463658","ean":"7340011463658","name":"Rainbow 200g kookoshiutale","price":1.65,"storeId":725782447,"__typename":"Product","approxPrice":false,"basicQuantityUnit":"KPL","comparisonPrice":8.25,"comparisonUnit":"KGM","consumerPackageSize":null,"consumerPackageUnit":null,"priceUnit":"KPL","quantityMultiplier":1,"brandName":"Rainbow","slug":"rainbow-200g-kookoshiutale","isAgeLimitedByAlcohol":false,"frozen":false,"packagingLabels":[],"packagingLabelCodes":[],"hierarchyPath":[{"id":"Herkku_00000404","name":"Leivonta kookostuotteet","slug":"kuivatuotteet-ja-leivonta-1/leivontatarvikkeet/leivonta-kookostuotteet","__typename":"HierarchyPathItem"},{"id":"Herkku_00000072","name":"Leivontatarvikkeet","slug":"kuivatuotteet-ja-leivonta-1/leivontatarvikkeet","__typename":"HierarchyPathItem"},{"id":"Herkku_00000007","name":"Kuivatuotteet ja leivonta","slug":"kuivatuotteet-ja-leivonta-1","__typename":"HierarchyPathItem"}],"isGlobalFallback":null,"countryName":{"fi":"Filippiinit","__typename":"CountryName"}},{"id":"7340011463665","ean":"7340011463665","name":"Rainbow 80g mantelijauhe","price":1.39,"storeId":725782447,"__typename":"Product","approxPrice":false,"basicQuantityUnit":"KPL","comparisonPrice":17.38,"comparisonUnit":"KGM","consumerPackageSize":null,"consumerPackageUnit":null,"priceUnit":"KPL","quantityMultiplier":1,"brandName":"Rainbow","slug":"rainbow-80g-mantelijauhe","isAgeLimitedByAlcohol":false,"frozen":false,"packagingLabels":[],"packagingLabelCodes":[],"hierarchyPath":[{"id":"Herkku_00000406","name":"Leivonta pähkinät&mantelit","slug":"kuivatuotteet-ja-leivonta-1/leivontatarvikkeet/leivonta-pahkinatandmantelit","__typename":"HierarchyPathItem"},{"id":"Herkku_00000072","name":"Leivontatarvikkeet","slug":"kuivatuotteet-ja-leivonta-1/leivontatarvikkeet","__typename":"HierarchyPathItem"},{"id":"Herkku_00000007","name":"Kuivatuotteet ja leivonta","slug":"kuivatuotteet-ja-leivonta-1","__typename":"HierarchyPathItem"}],"isGlobalFallback":null,"countryName":{"fi":"Yhdysvallat","__typename":"CountryName"}},{"id":"7340011464709","ean":"7340011464709","name":"Rainbow Luumumarmeladi 290g","price":1.39,"storeId":725782447,"__typename":"Product","approxPrice":false,"basicQuantityUnit":"KPL","comparisonPrice":4.79,"comparisonUnit":"KGM","consumerPackageSize":null,"consumerPackageUnit":null,"priceUnit":"KPL","quantityMultiplier":1,"brandName":"Rainbow","slug":"rainbow-luumumarmeladi-290g","isAgeLimitedByAlcohol":false,"frozen":false,"packagingLabels":[],"packagingLabelCodes":[],"hierarchyPath":[{"id":"Herkku_00000355","name":"Marmeladit","slug":"kuivatuotteet-ja-leivonta-1/hillot-ja-marmeladit/marmeladit","__typename":"HierarchyPathItem"},{"id":"Herkku_00000064","name":"Hillot ja marmeladit","slug":"kuivatuotteet-ja-leivonta-1/hillot-ja-marmeladit","__typename":"HierarchyPathItem"},{"id":"Herkku_00000007","name":"Kuivatuotteet ja leivonta","slug":"kuivatuotteet-ja-leivonta-1","__typename":"HierarchyPathItem"}],"isGlobalFallback":null,"countryName":{"fi":"Chile","__typename":"CountryName"}},{"id":"7340011464860","ean":"7340011464860","name":"Rainbow 350g broileria panang-currykastikkeessa ja jasmiiniriisiä pakaste","price":3.75,"storeId":725782447,"__typename":"Product","approxPrice":false,"basicQuantityUnit":"KPL","comparisonPrice":10.71,"comparisonUnit":"KGM","consumerPackageSize":null,"consumerPackageUnit":null,"priceUnit":"KPL","quantityMultiplier":1,"brandName":"Rainbow","slug":"rainbow-350g-broileria-panang-currykastikkeessa-ja-jasmiiniriisia-pakaste","isAgeLimitedByAlcohol":false,"frozen":true,"packagingLabels":[],"packagingLabelCodes":[],"hierarchyPath":[{"id":"1591691225905845","name":"Valmiit pakasteateriat","slug":"pakasteet-1/pakasteateriat/valmiit-pakasteateriat","__typename":"HierarchyPathItem"},{"id":"Herkku_00000129","name":"Pakasteateriat","slug":"pakasteet-1/pakasteateriat","__typename":"HierarchyPathItem"},{"id":"Herkku_00000013","name":"Pakasteet","slug":"pakasteet-1","__typename":"HierarchyPathItem"}],"isGlobalFallback":null,"countryName":{"fi":"Thaimaa","__typename":"CountryName"}},{"id":"7340011464877","ean":"7340011464877","name":"Rainbow 320g broileria makeassa chili-teriyakikastikkeessa ja nuudeleita, pakaste","price":3.75,"storeId":725782447,"__typename":"Product","approxPrice":false,"basicQuantityUnit":"KPL","comparisonPrice":11.72,"comparisonUnit":"KGM","consumerPackageSize":null,"consumerPackageUnit":null,"priceUnit":"KPL","quantityMultiplier":1,"brandName":"Rainbow","slug":"rainbow-320g-broileria-makeassa-chili-teriyakikastikkeessa-ja-nuudeleita-pakaste","isAgeLimitedByAlcohol":false,"frozen":true,"packagingLabels":[],"packagingLabelCodes":[],"hierarchyPath":[{"id":"1591691225905845","name":"Valmiit pakasteateriat","slug":"pakasteet-1/pakasteateriat/valmiit-pakasteateriat","__typename":"HierarchyPathItem"},{"id":"Herkku_00000129","name":"Pakasteateriat","slug":"pakasteet-1/pakasteateriat","__typename":"HierarchyPathItem"},{"id":"Herkku_00000013","name":"Pakasteet","slug":"pakasteet-1","__typename":"HierarchyPathItem"}],"isGlobalFallback":null,"countryName":{"fi":"Thaimaa","__typename":"CountryName"}},{"id":"7340011464884","ean":"7340011464884","name":"Rainbow juotava mansikkajogurtti 4x100g","price":1.55,"storeId":725782447,"__typename":"Product","approxPrice":false,"basicQuantityUnit":"KPL","comparisonPrice":3.88,"comparisonUnit":"KGM","consumerPackageSize":null,"consumerPackageUnit":null,"priceUnit":"KPL","quantityMultiplier":1,"brandName":"Rainbow","slug":"rainbow-juotava-mansikkajogurtti-4x100g","isAgeLimitedByAlcohol":false,"frozen":false,"packagingLabels":[],"packagingLabelCodes":[],"hierarchyPath":[{"id":"Herkku_00000637","name":"Juotavat jogurtit","slug":"maito-munat-ja-rasvat-0/jogurtit/juotavat-jogurtit","__typename":"HierarchyPathItem"},{"id":"Herkku_00000118","name":"Jogurtit","slug":"maito-munat-ja-rasvat-0/jogurtit","__typename":"HierarchyPathItem"},{"id":"Herkku_00000006","name":"Maito, munat ja rasvat","slug":"maito-munat-ja-rasvat-0","__typename":"HierarchyPathItem"}],"isGlobalFallback":null,"countryName":{"fi":"Itävalta","__typename":"CountryName"}},{"id":"7340011465010","ean":"7340011465010","name":"Rainbow 175g Cheddar juustoraaste","price":2.69,"storeId":725782447,"__typename":"Product","approxPrice":false,"basicQuantityUnit":"KPL","comparisonPrice":15.37,"comparisonUnit":"KGM","consumerPackageSize":null,"consumerPackageUnit":null,"priceUnit":"KPL","quantityMultiplier":1,"brandName":"Rainbow","slug":"rainbow-175g-cheddar-juustoraaste","isAgeLimitedByAlcohol":false,"frozen":false,"packagingLabels":[],"packagingLabelCodes":[],"hierarchyPath":[{"id":"1591691244827924","name":"Juustoraasteet","slug":"juustot-0/ruoka-ja-herkuttelujuustot/juustoraasteet","__typename":"HierarchyPathItem"},{"id":"1591691244827915","name":"Ruoka- ja herkuttelujuustot","slug":"juustot-0/ruoka-ja-herkuttelujuustot","__typename":"HierarchyPathItem"},{"id":"Herkku_00000003","name":"Juustot","slug":"juustot-0","__typename":"HierarchyPathItem"}],"isGlobalFallback":null,"countryName":{"fi":"Alankomaat","__typename":"CountryName"}},{"id":"7340011465751","ean":"7340011465751","name":"Xtra 2kg pitkäjyväinen riisi","price":2.6,"storeId":725782447,"__typename":"Product","approxPrice":false,"basicQuantityUnit":"KPL","comparisonPrice":1.3,"comparisonUnit":"KGM","consumerPackageSize":null,"consumerPackageUnit":null,"priceUnit":"KPL","quantityMultiplier":1,"brandName":"X-tra","slug":"xtra-2kg-pitkajyvainen-riisi","isAgeLimitedByAlcohol":false,"frozen":false,"packagingLabels":[],"packagingLabelCodes":[],"hierarchyPath":[{"id":"Herkku_00000477","name":"Pitkäjyväiset riisit","slug":"kuivatuotteet-ja-leivonta-1/riisit-pastat-ja-nuudelit/pitkajyvaiset-riisit","__typename":"HierarchyPathItem"},{"id":"Herkku_00000088","name":"Riisit, pastat ja nuudelit","slug":"kuivatuotteet-ja-leivonta-1/riisit-pastat-ja-nuudelit","__typename":"HierarchyPathItem"},{"id":"Herkku_00000007","name":"Kuivatuotteet ja leivonta","slug":"kuivatuotteet-ja-leivonta-1","__typename":"HierarchyPathItem"}],"isGlobalFallback":null,"countryName":{"fi":"Thaimaa","__typename":"CountryName"}},{"id":"7340011466291","ean":"7340011466291","name":"Rainbow 285/145g aurinkokuivatut tomaatit puolikkaina öljyssä","price":2.55,"storeId":725782447,"__typename":"Product","approxPrice":false,"basicQuantityUnit":"KPL","comparisonPrice":17.59,"comparisonUnit":"KGM","consumerPackageSize":null,"consumerPackageUnit":null,"priceUnit":"KPL","quantityMultiplier":1,"brandName":"Rainbow","slug":"rainbow-285145g-aurinkokuivatut-tomaatit-puolikkaina-oljyssa","isAgeLimitedByAlcohol":false,"frozen":false,"packagingLabels":[],"packagingLabelCodes":[],"hierarchyPath":[{"id":"Herkku_00000357","name":"Kasvissäilykkeet","slug":"kuivatuotteet-ja-leivonta-1/sailykkeet/kasvissailykkeet","__typename":"HierarchyPathItem"},{"id":"Herkku_00000063","name":"Säilykkeet","slug":"kuivatuotteet-ja-leivonta-1/sailykkeet","__typename":"HierarchyPathItem"},{"id":"Herkku_00000007","name":"Kuivatuotteet ja leivonta","slug":"kuivatuotteet-ja-leivonta-1","__typename":"HierarchyPathItem"}],"isGlobalFallback":null,"countryName":{"fi":"Turkki","__typename":"CountryName"}},{"id":"7340011466307","ean":"7340011466307","name":"Rainbow 285/145g aurinkokuivatut tomaatit kuutioina öljyssä","price":2.35,"storeId":725782447,"__typename":"Product","approxPrice":false,"basicQuantityUnit":"KPL","comparisonPrice":16.21,"comparisonUnit":"KGM","consumerPackageSize":null,"consumerPackageUnit":null,"priceUnit":"KPL","quantityMultiplier":1,"brandName":"Rainbow","slug":"rainbow-285145g-aurinkokuivatut-tomaatit-kuutioina-oljyssa","isAgeLimitedByAlcohol":false,"frozen":false,"packagingLabels":[],"packagingLabelCodes":[],"hierarchyPath":[{"id":"Herkku_00000357","name":"Kasvissäilykkeet","slug":"kuivatuotteet-ja-leivonta-1/sailykkeet/kasvissailykkeet","__typename":"HierarchyPathItem"},{"id":"Herkku_00000063","name":"Säilykkeet","slug":"kuivatuotteet-ja-leivonta-1/sailykkeet","__typename":"HierarchyPathItem"},{"id":"Herkku_00000007","name":"Kuivatuotteet ja leivonta","slug":"kuivatuotteet-ja-leivonta-1","__typename":"HierarchyPathItem"}],"isGlobalFallback":null,"countryName":{"fi":"Turkki","__typename":"CountryName"}},{"id":"7340011466833","ean":"7340011466833","name":"Rainbow luomutomaattimurska 500g","price":1.45,"storeId":725782447,"__typename":"Product","approxPrice":false,"basicQuantityUnit":"KPL","comparisonPrice":2.9,"comparisonUnit":"KGM","consumerPackageSize":null,"consumerPackageUnit":null,"priceUnit":"KPL","quantityMultiplier":1,"brandName":"Rainbow","slug":"rainbow-luomutomaattimurska-500g","isAgeLimitedByAlcohol":false,"frozen":false,"packagingLabels":["EU:n luomutunnus (lehti)"],"packagingLabelCodes":["EU_ORGANIC_FARMING"],"hierarchyPath":[{"id":"Herkku_00000357","name":"Kasvissäilykkeet","slug":"kuivatuotteet-ja-leivonta-1/sailykkeet/kasvissailykkeet","__typename":"HierarchyPathItem"},{"id":"Herkku_00000063","name":"Säilykkeet","slug":"kuivatuotteet-ja-leivonta-1/sailykkeet","__typename":"HierarchyPathItem"},{"id":"Herkku_00000007","name":"Kuivatuotteet ja leivonta","slug":"kuivatuotteet-ja-leivonta-1","__typename":"HierarchyPathItem"}],"isGlobalFallback":null,"countryName":{"fi":"Portugali","__typename":"CountryName"}},{"id":"7340011467274","ean":"7340011467274","name":"Rainbow Maapähkinä-Rusinasekoitus 350g","price":2.15,"storeId":725782447,"__typename":"Product","approxPrice":false,"basicQuantityUnit":"KPL","comparisonPrice":6.14,"comparisonUnit":"KGM","consumerPackageSize":null,"consumerPackageUnit":null,"priceUnit":"KPL","quantityMultiplier":1,"brandName":"Rainbow","slug":"rainbow-maapahkina-rusinasekoitus-350g","isAgeLimitedByAlcohol":false,"frozen":false,"packagingLabels":[],"packagingLabelCodes":[],"hierarchyPath":[{"id":"Herkku_00000308","name":"Hedelmä-pähkinä sekoitukset","slug":"kuivatuotteet-ja-leivonta-1/siemenet-pahkinat-ja-kuivatut-hedelmat/hedelma-pahkina-sekoitukset","__typename":"HierarchyPathItem"},{"id":"Herkku_00000050","name":"Siemenet, pähkinät ja kuivatut hedelmät","slug":"kuivatuotteet-ja-leivonta-1/siemenet-pahkinat-ja-kuivatut-hedelmat","__typename":"HierarchyPathItem"},{"id":"Herkku_00000007","name":"Kuivatuotteet ja leivonta","slug":"kuivatuotteet-ja-leivonta-1","__typename":"HierarchyPathItem"}],"isGlobalFallback":null,"countryName":{"fi":"Turkki","__typename":"CountryName"}},{"id":"7340011467571","ean":"7340011467571","name":"Rainbow alkaliparisto 9V 6LR61 2kpl","price":3.29,"storeId":725782447,"__typename":"Product","approxPrice":false,"basicQuantityUnit":"KPL","comparisonPrice":1.65,"comparisonUnit":"PCE","consumerPackageSize":null,"consumerPackageUnit":null,"priceUnit":"KPL","quantityMultiplier":1,"brandName":"Rainbow","slug":"rainbow-alkaliparisto-9v-6lr61-2kpl","isAgeLimitedByAlcohol":false,"frozen":false,"packagingLabels":[],"packagingLabelCodes":[],"hierarchyPath":null,"isGlobalFallback":null,"countryName":{"fi":"Kiina","__typename":"CountryName"}},{"id":"7340011467601","ean":"7340011467601","name":"Rainbow litiumparisto CR2032 3V 4 kpl","price":1.49,"storeId":725782447,"__typename":"Product","approxPrice":false,"basicQuantityUnit":"KPL","comparisonPrice":0.37,"comparisonUnit":"PCE","consumerPackageSize":null,"consumerPackageUnit":null,"priceUnit":"KPL","quantityMultiplier":1,"brandName":"Rainbow","slug":"rainbow-litiumparisto-cr2032-3v-4-kpl","isAgeLimitedByAlcohol":false,"frozen":false,"packagingLabels":[],"packagingLabelCodes":[],"hierarchyPath":null,"isGlobalFallback":null,"countryName":{"fi":"Kiina","__typename":"CountryName"}},{"id":"7340011467618","ean":"7340011467618","name":"Rainbow alkaliparisto LR44 1,5V 4 kpl","price":1.49,"storeId":725782447,"__typename":"Product","approxPrice":false,"basicQuantityUnit":"KPL","comparisonPrice":0.37,"comparisonUnit":"PCE","consumerPackageSize":null,"consumerPackageUnit":null,"priceUnit":"KPL","quantityMultiplier":1,"brandName":"Rainbow","slug":"rainbow-alkaliparisto-lr44-1-5v-4-kpl","isAgeLimitedByAlcohol":false,"frozen":false,"packagingLabels":[],"packagingLabelCodes":[],"hierarchyPath":null,"isGlobalFallback":null,"countryName":{"fi":"Kiina","__typename":"CountryName"}},{"id":"7340011468080","ean":"7340011468080","name":"X-tra vanutyynyt 120 kpl","price":1.15,"storeId":725782447,"__typename":"Product","approxPrice":false,"basicQuantityUnit":"KPL","comparisonPrice":0.01,"comparisonUnit":"PCE","consumerPackageSize":null,"consumerPackageUnit":null,"priceUnit":"KPL","quantityMultiplier":1,"brandName":"Xtra","slug":"x-tra-vanutyynyt-120-kpl","isAgeLimitedByAlcohol":false,"frozen":false,"packagingLabels":[],"packagingLabelCodes":[],"hierarchyPath":[{"id":"1591691233334751","name":"Vanut ja vanupuikot","slug":"kosmetiikka-ja-hygienia/kasvojenhoito/vanut-ja-vanupuikot","__typename":"HierarchyPathItem"},{"id":"1591691233334725","name":"Kasvojenhoito","slug":"kosmetiikka-ja-hygienia/kasvojenhoito","__typename":"HierarchyPathItem"},{"id":"1591691233334707","name":"Kosmetiikka ja hygienia","slug":"kosmetiikka-ja-hygienia","__typename":"HierarchyPathItem"}],"isGlobalFallback":null,"countryName":{"fi":"Intia","__typename":"CountryName"}},{"id":"7340011470014","ean":"7340011470014","name":"Xtra 1kg spaghetti","price":1.39,"storeId":725782447,"__typename":"Product","approxPrice":false,"basicQuantityUnit":"KPL","comparisonPrice":1.39,"comparisonUnit":"KGM","consumerPackageSize":null,"consumerPackageUnit":null,"priceUnit":"KPL","quantityMultiplier":1,"brandName":"Xtra","slug":"xtra-1kg-spaghetti","isAgeLimitedByAlcohol":false,"frozen":false,"packagingLabels":[],"packagingLabelCodes":[],"hierarchyPath":[{"id":"Herkku_00000492","name":"Spagetit","slug":"kuivatuotteet-ja-leivonta-1/riisit-pastat-ja-nuudelit/spagetit","__typename":"HierarchyPathItem"},{"id":"Herkku_00000088","name":"Riisit, pastat ja nuudelit","slug":"kuivatuotteet-ja-leivonta-1/riisit-pastat-ja-nuudelit","__typename":"HierarchyPathItem"},{"id":"Herkku_00000007","name":"Kuivatuotteet ja leivonta","slug":"kuivatuotteet-ja-leivonta-1","__typename":"HierarchyPathItem"}],"isGlobalFallback":null,"countryName":{"fi":"Latvia","__typename":"CountryName"}},{"id":"7340011470021","ean":"7340011470021","name":"Xtra1kg fusillipasta","price":1.99,"storeId":725782447,"__typename":"Product","approxPrice":false,"basicQuantityUnit":"KPL","comparisonPrice":1.99,"comparisonUnit":"KGM","consumerPackageSize":null,"consumerPackageUnit":null,"priceUnit":"KPL","quantityMultiplier":1,"brandName":"Xtra","slug":"xtra1kg-fusillipasta","isAgeLimitedByAlcohol":false,"frozen":false,"packagingLabels":[],"packagingLabelCodes":[],"hierarchyPath":[{"id":"Herkku_00000493","name":"Kuviopastat","slug":"kuivatuotteet-ja-leivonta-1/riisit-pastat-ja-nuudelit/kuviopastat","__typename":"HierarchyPathItem"},{"id":"Herkku_00000088","name":"Riisit, pastat ja nuudelit","slug":"kuivatuotteet-ja-leivonta-1/riisit-pastat-ja-nuudelit","__typename":"HierarchyPathItem"},{"id":"Herkku_00000007","name":"Kuivatuotteet ja leivonta","slug":"kuivatuotteet-ja-leivonta-1","__typename":"HierarchyPathItem"}],"isGlobalFallback":null,"countryName":{"fi":"Latvia","__typename":"CountryName"}},{"id":"7340011470304","ean":"7340011470304","name":"Xtra 490g salsakastike mieto","price":1.99,"storeId":725782447,"__typename":"Product","approxPrice":false,"basicQuantityUnit":"KPL","comparisonPrice":4.06,"comparisonUnit":"KGM","consumerPackageSize":null,"consumerPackageUnit":null,"priceUnit":"KPL","quantityMultiplier":1,"brandName":"X-tra","slug":"xtra-490g-salsakastike-mieto","isAgeLimitedByAlcohol":false,"frozen":false,"packagingLabels":[],"packagingLabelCodes":[],"hierarchyPath":[{"id":"Herkku_00000466","name":"Tex-mex kastikkeet","slug":"oljyt-mausteet-maustaminen-1/tex-mex/tex-mex-kastikkeet","__typename":"HierarchyPathItem"},{"id":"StructureGroup_198285814629","name":"Tex mex","slug":"oljyt-mausteet-maustaminen-1/tex-mex","__typename":"HierarchyPathItem"},{"id":"Herkku_00000011","name":"Öljyt, mausteet, maustaminen","slug":"oljyt-mausteet-maustaminen-1","__typename":"HierarchyPathItem"}],"isGlobalFallback":null,"countryName":{"fi":"Belgia","__typename":"CountryName"}},{"id":"7340011470342","ean":"7340011470342","name":"Änglamark omenatäysmehu luomu 200 ml","price":0.54,"storeId":725782447,"__typename":"Product","approxPrice":false,"basicQuantityUnit":"KPL","comparisonPrice":2.7,"comparisonUnit":"LTR","consumerPackageSize":null,"consumerPackageUnit":null,"priceUnit":"KPL","quantityMultiplier":1,"brandName":"Änglamark","slug":"anglamark-omenataysmehu-luomu-200-ml","isAgeLimitedByAlcohol":false,"frozen":false,"packagingLabels":["EU:n luomutunnus (lehti)"],"packagingLabelCodes":["EU_ORGANIC_FARMING"],"hierarchyPath":[{"id":"Herkku_00000655","name":"Omenamehut","slug":"juomat-1/mehut/omenamehut","__typename":"HierarchyPathItem"},{"id":"Herkku_00000120","name":"Mehut","slug":"juomat-1/mehut","__typename":"HierarchyPathItem"},{"id":"Herkku_00000005","name":"Juomat","slug":"juomat-1","__typename":"HierarchyPathItem"}],"isGlobalFallback":null,"countryName":{"fi":"Saksa","__typename":"CountryName"}},{"id":"7340011472605","ean":"7340011472605","name":"Rainbow 150g paahdetut ja suolatut kuorelliset pistaasipähkinät","price":3.15,"storeId":725782447,"__typename":"Product","approxPrice":false,"basicQuantityUnit":"KPL","comparisonPrice":21,"comparisonUnit":"KGM","consumerPackageSize":null,"consumerPackageUnit":null,"priceUnit":"KPL","quantityMultiplier":1,"brandName":"Rainbow","slug":"rainbow-150g-paahdetut-ja-suolatut-kuorelliset-pistaasipahkinat","isAgeLimitedByAlcohol":false,"frozen":false,"packagingLabels":[],"packagingLabelCodes":[],"hierarchyPath":[{"id":"Herkku_00000305","name":"Pähkinät","slug":"kuivatuotteet-ja-leivonta-1/siemenet-pahkinat-ja-kuivatut-hedelmat/pahkinat","__typename":"HierarchyPathItem"},{"id":"Herkku_00000050","name":"Siemenet, pähkinät ja kuivatut hedelmät","slug":"kuivatuotteet-ja-leivonta-1/siemenet-pahkinat-ja-kuivatut-hedelmat","__typename":"HierarchyPathItem"},{"id":"Herkku_00000007","name":"Kuivatuotteet ja leivonta","slug":"kuivatuotteet-ja-leivonta-1","__typename":"HierarchyPathItem"}],"isGlobalFallback":null,"countryName":{"fi":"Yhdysvallat","__typename":"CountryName"}},{"id":"7340011473879","ean":"7340011473879","name":"Rainbow salaattijuustopala 200g","price":2.15,"storeId":725782447,"__typename":"Product","approxPrice":false,"basicQuantityUnit":"KPL","comparisonPrice":10.75,"comparisonUnit":"KGM","consumerPackageSize":null,"consumerPackageUnit":null,"priceUnit":"KPL","quantityMultiplier":1,"brandName":"Rainbow","slug":"rainbow-salaattijuustopala-200g","isAgeLimitedByAlcohol":false,"frozen":false,"packagingLabels":[],"packagingLabelCodes":[],"hierarchyPath":[{"id":"1591691244827925","name":"Feta- ja salaattijuustot","slug":"juustot-0/ruoka-ja-herkuttelujuustot/feta-ja-salaattijuustot","__typename":"HierarchyPathItem"},{"id":"1591691244827915","name":"Ruoka- ja herkuttelujuustot","slug":"juustot-0/ruoka-ja-herkuttelujuustot","__typename":"HierarchyPathItem"},{"id":"Herkku_00000003","name":"Juustot","slug":"juustot-0","__typename":"HierarchyPathItem"}],"isGlobalFallback":null,"countryName":{"fi":"Saksa","__typename":"CountryName"}},{"id":"7340011473916","ean":"7340011473916","name":"Rainbow 125 g Sinihomejuusto","price":1.92,"storeId":725782447,"__typename":"Product","approxPrice":false,"basicQuantityUnit":"KPL","comparisonPrice":15.36,"comparisonUnit":"KGM","consumerPackageSize":null,"consumerPackageUnit":null,"priceUnit":"KPL","quantityMultiplier":1,"brandName":"Rainbow","slug":"rainbow-125-g-sinihomejuusto","isAgeLimitedByAlcohol":false,"frozen":false,"packagingLabels":[],"packagingLabelCodes":[],"hierarchyPath":[{"id":"1591691244827935","name":"Homejuustot","slug":"juustot-0/ruoka-ja-herkuttelujuustot/homejuustot","__typename":"HierarchyPathItem"},{"id":"1591691244827915","name":"Ruoka- ja herkuttelujuustot","slug":"juustot-0/ruoka-ja-herkuttelujuustot","__typename":"HierarchyPathItem"},{"id":"Herkku_00000003","name":"Juustot","slug":"juustot-0","__typename":"HierarchyPathItem"}],"isGlobalFallback":null,"countryName":{"fi":"Tanska","__typename":"CountryName"}},{"id":"7340011474180","ean":"7340011474180","name":"Rainbow mantelijuoma 1L","price":2.15,"storeId":725782447,"__typename":"Product","approxPrice":false,"basicQuantityUnit":"KPL","comparisonPrice":2.15,"comparisonUnit":"LTR","consumerPackageSize":null,"consumerPackageUnit":null,"priceUnit":"KPL","quantityMultiplier":1,"brandName":"Rainbow","slug":"rainbow-mantelijuoma-1l","isAgeLimitedByAlcohol":false,"frozen":false,"packagingLabels":["Sydänmerkki"],"packagingLabelCodes":["FINNISH_HEART_SYMBOL"],"hierarchyPath":[{"id":"Herkku_00000688","name":"Mantelijuomat","slug":"maito-munat-ja-rasvat-0/kasvipohjaiset-maitojuomat/mantelijuomat","__typename":"HierarchyPathItem"},{"id":"Herkku_00000123","name":"Kasvipohjaiset maitojuomat","slug":"maito-munat-ja-rasvat-0/kasvipohjaiset-maitojuomat","__typename":"HierarchyPathItem"},{"id":"Herkku_00000006","name":"Maito, munat ja rasvat","slug":"maito-munat-ja-rasvat-0","__typename":"HierarchyPathItem"}],"isGlobalFallback":null,"countryName":{"fi":"Saksa","__typename":"CountryName"}},{"id":"7340011474401","ean":"7340011474401","name":"Rainbow 750ml Green Apple tekstiilien huuhteluaine vihreä omena","price":2.49,"storeId":725782447,"__typename":"Product","approxPrice":false,"basicQuantityUnit":"KPL","comparisonPrice":3.32,"comparisonUnit":"LTR","consumerPackageSize":null,"consumerPackageUnit":null,"priceUnit":"KPL","quantityMultiplier":1,"brandName":"Rainbow","slug":"rainbow-750ml-green-apple-tekstiilien-huuhteluaine-vihrea-omena","isAgeLimitedByAlcohol":false,"frozen":false,"packagingLabels":[],"packagingLabelCodes":[],"hierarchyPath":[{"id":"1591691234596333","name":"Huuhteluaineet","slug":"kodinhoito-ja-taloustarvikkeet/pyykinpesu/huuhteluaineet","__typename":"HierarchyPathItem"},{"id":"1591691234596326","name":"Pyykinpesu","slug":"kodinhoito-ja-taloustarvikkeet/pyykinpesu","__typename":"HierarchyPathItem"},{"id":"1591691234596256","name":"Kodinhoito ja taloustarvikkeet","slug":"kodinhoito-ja-taloustarvikkeet","__typename":"HierarchyPathItem"}],"isGlobalFallback":null,"countryName":{"fi":"Tanska","__typename":"CountryName"}},{"id":"7340011475163","ean":"7340011475163","name":"Rainbow 300g koiran patee kana","price":0.99,"storeId":725782447,"__typename":"Product","approxPrice":false,"basicQuantityUnit":"KPL","comparisonPrice":3.3,"comparisonUnit":"KGM","consumerPackageSize":null,"consumerPackageUnit":null,"priceUnit":"KPL","quantityMultiplier":1,"brandName":"Rainbow","slug":"rainbow-300g-koiran-patee-kana","isAgeLimitedByAlcohol":false,"frozen":false,"packagingLabels":[],"packagingLabelCodes":[],"hierarchyPath":[{"id":"Herkku_00000537","name":"Koiran kostea ruoka","slug":"lemmikit-1/koiranruoat/koiran-kostea-ruoka","__typename":"HierarchyPathItem"},{"id":"Herkku_00000102","name":"Koiranruoat","slug":"lemmikit-1/koiranruoat","__typename":"HierarchyPathItem"},{"id":"Herkku_00000012","name":"Lemmikit","slug":"lemmikit-1","__typename":"HierarchyPathItem"}],"isGlobalFallback":null,"countryName":{"fi":"Alankomaat","__typename":"CountryName"}},{"id":"7340011475460","ean":"7340011475460","name":"Xtra Pehmeät vehnätortillat 8 kpl","price":1.19,"storeId":725782447,"__typename":"Product","approxPrice":false,"basicQuantityUnit":"KPL","comparisonPrice":4.25,"comparisonUnit":"KGM","consumerPackageSize":null,"consumerPackageUnit":null,"priceUnit":"KPL","quantityMultiplier":1,"brandName":"Xtra","slug":"xtra-pehmeat-vehnatortillat-8-kpl","isAgeLimitedByAlcohol":false,"frozen":false,"packagingLabels":[],"packagingLabelCodes":[],"hierarchyPath":[{"id":"Herkku_00000464","name":"Kuoret, tortillat ja dinnerit","slug":"oljyt-mausteet-maustaminen-1/tex-mex/kuoret-tortillat-ja-dinnerit","__typename":"HierarchyPathItem"},{"id":"StructureGroup_198285814629","name":"Tex mex","slug":"oljyt-mausteet-maustaminen-1/tex-mex","__typename":"HierarchyPathItem"},{"id":"Herkku_00000011","name":"Öljyt, mausteet, maustaminen","slug":"oljyt-mausteet-maustaminen-1","__typename":"HierarchyPathItem"}],"isGlobalFallback":null,"countryName":{"fi":"Tanska","__typename":"CountryName"}},{"id":"7340011475507","ean":"7340011475507","name":"Rainbow 40g vihreä tee 20ps UTZ","price":1.25,"storeId":725782447,"__typename":"Product","approxPrice":false,"basicQuantityUnit":"KPL","comparisonPrice":31.25,"comparisonUnit":"KGM","consumerPackageSize":null,"consumerPackageUnit":null,"priceUnit":"KPL","quantityMultiplier":1,"brandName":"Rainbow","slug":"rainbow-40g-vihrea-tee-20ps-utz","isAgeLimitedByAlcohol":false,"frozen":false,"packagingLabels":[],"packagingLabelCodes":[],"hierarchyPath":[{"id":"Herkku_00000514","name":"Pussitee","slug":"juomat-1/teet/pussitee","__typename":"HierarchyPathItem"},{"id":"Herkku_00000091","name":"Teet","slug":"juomat-1/teet","__typename":"HierarchyPathItem"},{"id":"Herkku_00000005","name":"Juomat","slug":"juomat-1","__typename":"HierarchyPathItem"}],"isGlobalFallback":null,"countryName":{"fi":"Saksa","__typename":"CountryName"}},{"id":"7340011476108","ean":"7340011476108","name":"VALKOSIPULILLA MAUSTETTU TOMAATTIMURSKA. Ei lisättyä suolaa ja sokeria. Sisältää luontaisesti sokereita.","price":1.35,"storeId":725782447,"__typename":"Product","approxPrice":false,"basicQuantityUnit":"KPL","comparisonPrice":1.35,"comparisonUnit":"PCE","consumerPackageSize":null,"consumerPackageUnit":null,"priceUnit":"KPL","quantityMultiplier":1,"brandName":"Coop","slug":"valkosipulilla-maustettu-tomaattimurska-ei-lisattya-suolaa-ja-sokeria-sisaltaa-luontaisesti-sokereita","isAgeLimitedByAlcohol":false,"frozen":false,"packagingLabels":[],"packagingLabelCodes":[],"hierarchyPath":[{"id":"Herkku_00000357","name":"Kasvissäilykkeet","slug":"kuivatuotteet-ja-leivonta-1/sailykkeet/kasvissailykkeet","__typename":"HierarchyPathItem"},{"id":"Herkku_00000063","name":"Säilykkeet","slug":"kuivatuotteet-ja-leivonta-1/sailykkeet","__typename":"HierarchyPathItem"},{"id":"Herkku_00000007","name":"Kuivatuotteet ja leivonta","slug":"kuivatuotteet-ja-leivonta-1","__typename":"HierarchyPathItem"}],"isGlobalFallback":null,"countryName":{"fi":"Italia","__typename":"CountryName"}},{"id":"7340011477679","ean":"7340011477679","name":"Rainbow lämpökynttilä 30kpl","price":4.25,"storeId":725782447,"__typename":"Product","approxPrice":false,"basicQuantityUnit":"KPL","comparisonPrice":0.14,"comparisonUnit":"PCE","consumerPackageSize":null,"consumerPackageUnit":null,"priceUnit":"KPL","quantityMultiplier":1,"brandName":"Rainbow","slug":"rainbow-lampokynttila-30kpl","isAgeLimitedByAlcohol":false,"frozen":false,"packagingLabels":[],"packagingLabelCodes":[],"hierarchyPath":[{"id":"1591691237793265","name":"Lämpökynttilät","slug":"sisustus-ja-kodintekstiilit/kynttilat/lampokynttilat","__typename":"HierarchyPathItem"},{"id":"1591691237793226","name":"Kynttilät","slug":"sisustus-ja-kodintekstiilit/kynttilat","__typename":"HierarchyPathItem"},{"id":"1591691237793209","name":"Sisustus ja kodintekstiilit","slug":"sisustus-ja-kodintekstiilit","__typename":"HierarchyPathItem"}],"isGlobalFallback":null,"countryName":{"fi":"Puola","__typename":"CountryName"}},{"id":"7340011479048","ean":"7340011479048","name":"Rainbow juotava mangojogurtti 500g","price":1.49,"storeId":725782447,"__typename":"Product","approxPrice":false,"basicQuantityUnit":"KPL","comparisonPrice":2.98,"comparisonUnit":"KGM","consumerPackageSize":null,"consumerPackageUnit":null,"priceUnit":"KPL","quantityMultiplier":1,"brandName":"Rainbow","slug":"rainbow-juotava-mangojogurtti-500g","isAgeLimitedByAlcohol":false,"frozen":false,"packagingLabels":[],"packagingLabelCodes":[],"hierarchyPath":[{"id":"Herkku_00000637","name":"Juotavat jogurtit","slug":"maito-munat-ja-rasvat-0/jogurtit/juotavat-jogurtit","__typename":"HierarchyPathItem"},{"id":"Herkku_00000118","name":"Jogurtit","slug":"maito-munat-ja-rasvat-0/jogurtit","__typename":"HierarchyPathItem"},{"id":"Herkku_00000006","name":"Maito, munat ja rasvat","slug":"maito-munat-ja-rasvat-0","__typename":"HierarchyPathItem"}],"isGlobalFallback":null,"countryName":{"fi":"Itävalta","__typename":"CountryName"}},{"id":"7340011480433","ean":"7340011480433","name":"Xtra Sensitive Color pyykinpesuneste värillisille tekstiileille 2 l","price":4.05,"storeId":725782447,"__typename":"Product","approxPrice":false,"basicQuantityUnit":"KPL","comparisonPrice":2.03,"comparisonUnit":"LTR","consumerPackageSize":null,"consumerPackageUnit":null,"priceUnit":"KPL","quantityMultiplier":1,"brandName":"Xtra","slug":"xtra-sensitive-color-pyykinpesuneste-varillisille-tekstiileille-2-l","isAgeLimitedByAlcohol":false,"frozen":false,"packagingLabels":[],"packagingLabelCodes":[],"hierarchyPath":[{"id":"1591691234596332","name":"Pyykinpesuaineet","slug":"kodinhoito-ja-taloustarvikkeet/pyykinpesu/pyykinpesuaineet","__typename":"HierarchyPathItem"},{"id":"1591691234596326","name":"Pyykinpesu","slug":"kodinhoito-ja-taloustarvikkeet/pyykinpesu","__typename":"HierarchyPathItem"},{"id":"1591691234596256","name":"Kodinhoito ja taloustarvikkeet","slug":"kodinhoito-ja-taloustarvikkeet","__typename":"HierarchyPathItem"}],"isGlobalFallback":null,"countryName":{"fi":"Viro","__typename":"CountryName"}},{"id":"7340011482383","ean":"7340011482383","name":"Rainbow 750ml sensitive tekstiilien huuhteluaine hajusteeton","price":2.49,"storeId":725782447,"__typename":"Product","approxPrice":false,"basicQuantityUnit":"KPL","comparisonPrice":3.32,"comparisonUnit":"LTR","consumerPackageSize":null,"consumerPackageUnit":null,"priceUnit":"KPL","quantityMultiplier":1,"brandName":"Rainbow","slug":"rainbow-750ml-sensitive-tekstiilien-huuhteluaine-hajusteeton","isAgeLimitedByAlcohol":false,"frozen":false,"packagingLabels":[],"packagingLabelCodes":[],"hierarchyPath":[{"id":"1591691234596333","name":"Huuhteluaineet","slug":"kodinhoito-ja-taloustarvikkeet/pyykinpesu/huuhteluaineet","__typename":"HierarchyPathItem"},{"id":"1591691234596326","name":"Pyykinpesu","slug":"kodinhoito-ja-taloustarvikkeet/pyykinpesu","__typename":"HierarchyPathItem"},{"id":"1591691234596256","name":"Kodinhoito ja taloustarvikkeet","slug":"kodinhoito-ja-taloustarvikkeet","__typename":"HierarchyPathItem"}],"isGlobalFallback":null,"countryName":{"fi":"Tanska","__typename":"CountryName"}},{"id":"7340011482772","ean":"7340011482772","name":"Xtra tomaattimurska 400g","price":1.05,"storeId":725782447,"__typename":"Product","approxPrice":false,"basicQuantityUnit":"KPL","comparisonPrice":2.63,"comparisonUnit":"KGM","consumerPackageSize":null,"consumerPackageUnit":null,"priceUnit":"KPL","quantityMultiplier":1,"brandName":"Xtra","slug":"xtra-tomaattimurska-400g","isAgeLimitedByAlcohol":false,"frozen":false,"packagingLabels":[],"packagingLabelCodes":[],"hierarchyPath":[{"id":"Herkku_00000357","name":"Kasvissäilykkeet","slug":"kuivatuotteet-ja-leivonta-1/sailykkeet/kasvissailykkeet","__typename":"HierarchyPathItem"},{"id":"Herkku_00000063","name":"Säilykkeet","slug":"kuivatuotteet-ja-leivonta-1/sailykkeet","__typename":"HierarchyPathItem"},{"id":"Herkku_00000007","name":"Kuivatuotteet ja leivonta","slug":"kuivatuotteet-ja-leivonta-1","__typename":"HierarchyPathItem"}],"isGlobalFallback":null,"countryName":{"fi":"Italia","__typename":"CountryName"}},{"id":"7340011483403","ean":"7340011483403","name":"Juokseva HUNAJA 250g","price":2.75,"storeId":725782447,"__typename":"Product","approxPrice":false,"basicQuantityUnit":"KPL","comparisonPrice":11,"comparisonUnit":"KGM","consumerPackageSize":null,"consumerPackageUnit":null,"priceUnit":"KPL","quantityMultiplier":1,"brandName":"Rainbow","slug":"juokseva-hunaja-250g","isAgeLimitedByAlcohol":false,"frozen":false,"packagingLabels":[],"packagingLabelCodes":[],"hierarchyPath":[{"id":"Herkku_00000448","name":"Hunajat","slug":"kuivatuotteet-ja-leivonta-1/sokerit-makeutusaineet-ja-hunaja/hunajat","__typename":"HierarchyPathItem"},{"id":"Herkku_00000084","name":"Sokerit, makeutusaineet ja hunaja","slug":"kuivatuotteet-ja-leivonta-1/sokerit-makeutusaineet-ja-hunaja","__typename":"HierarchyPathItem"},{"id":"Herkku_00000007","name":"Kuivatuotteet ja leivonta","slug":"kuivatuotteet-ja-leivonta-1","__typename":"HierarchyPathItem"}],"isGlobalFallback":null,"countryName":{"fi":"Ranska","__typename":"CountryName"}},{"id":"7340011483410","ean":"7340011483410","name":"Rainbow juokseva hunaja 500g","price":4.89,"storeId":725782447,"__typename":"Product","approxPrice":false,"basicQuantityUnit":"KPL","comparisonPrice":9.78,"comparisonUnit":"KGM","consumerPackageSize":null,"consumerPackageUnit":null,"priceUnit":"KPL","quantityMultiplier":1,"brandName":"Rainbow","slug":"rainbow-juokseva-hunaja-500g","isAgeLimitedByAlcohol":false,"frozen":false,"packagingLabels":[],"packagingLabelCodes":[],"hierarchyPath":[{"id":"Herkku_00000448","name":"Hunajat","slug":"kuivatuotteet-ja-leivonta-1/sokerit-makeutusaineet-ja-hunaja/hunajat","__typename":"HierarchyPathItem"},{"id":"Herkku_00000084","name":"Sokerit, makeutusaineet ja hunaja","slug":"kuivatuotteet-ja-leivonta-1/sokerit-makeutusaineet-ja-hunaja","__typename":"HierarchyPathItem"},{"id":"Herkku_00000007","name":"Kuivatuotteet ja leivonta","slug":"kuivatuotteet-ja-leivonta-1","__typename":"HierarchyPathItem"}],"isGlobalFallback":null,"countryName":{"fi":"Ranska","__typename":"CountryName"}},{"id":"7340011483465","ean":"7340011483465","name":"Xtra 690g pastakastike basilika","price":1.75,"storeId":725782447,"__typename":"Product","approxPrice":false,"basicQuantityUnit":"KPL","comparisonPrice":2.54,"comparisonUnit":"KGM","consumerPackageSize":null,"consumerPackageUnit":null,"priceUnit":"KPL","quantityMultiplier":1,"brandName":"Xtra","slug":"xtra-690g-pastakastike-basilika","isAgeLimitedByAlcohol":false,"frozen":false,"packagingLabels":[],"packagingLabelCodes":[],"hierarchyPath":[{"id":"Herkku_00000452","name":"Pastakastikkeet","slug":"oljyt-mausteet-maustaminen-1/maustekastikkeet-ja-tahnat/pastakastikkeet","__typename":"HierarchyPathItem"},{"id":"Herkku_00000078","name":"Maustekastikkeet ja tahnat","slug":"oljyt-mausteet-maustaminen-1/maustekastikkeet-ja-tahnat","__typename":"HierarchyPathItem"},{"id":"Herkku_00000011","name":"Öljyt, mausteet, maustaminen","slug":"oljyt-mausteet-maustaminen-1","__typename":"HierarchyPathItem"}],"isGlobalFallback":null,"countryName":{"fi":"Belgia","__typename":"CountryName"}},{"id":"7340011483755","ean":"7340011483755","name":"Rainbow 300g mansikkamarmeladi","price":2.29,"storeId":725782447,"__typename":"Product","approxPrice":false,"basicQuantityUnit":"KPL","comparisonPrice":7.63,"comparisonUnit":"LTR","consumerPackageSize":null,"consumerPackageUnit":null,"priceUnit":"KPL","quantityMultiplier":1,"brandName":"Rainbow","slug":"rainbow-300g-mansikkamarmeladi","isAgeLimitedByAlcohol":false,"frozen":false,"packagingLabels":[],"packagingLabelCodes":[],"hierarchyPath":[{"id":"Herkku_00000355","name":"Marmeladit","slug":"kuivatuotteet-ja-leivonta-1/hillot-ja-marmeladit/marmeladit","__typename":"HierarchyPathItem"},{"id":"Herkku_00000064","name":"Hillot ja marmeladit","slug":"kuivatuotteet-ja-leivonta-1/hillot-ja-marmeladit","__typename":"HierarchyPathItem"},{"id":"Herkku_00000007","name":"Kuivatuotteet ja leivonta","slug":"kuivatuotteet-ja-leivonta-1","__typename":"HierarchyPathItem"}],"isGlobalFallback":null,"countryName":{"fi":"Tanska","__typename":"CountryName"}},{"id":"7340011484028","ean":"7340011484028","name":"Rainbow Kahvipavut, tumma paahto 1kg","price":10.19,"storeId":725782447,"__typename":"Product","approxPrice":false,"basicQuantityUnit":"KPL","comparisonPrice":10.19,"comparisonUnit":"KGM","consumerPackageSize":null,"consumerPackageUnit":null,"priceUnit":"KPL","quantityMultiplier":1,"brandName":"Rainbow","slug":"rainbow-kahvipavut-tumma-paahto-1kg","isAgeLimitedByAlcohol":false,"frozen":false,"packagingLabels":[],"packagingLabelCodes":[],"hierarchyPath":[{"id":"Herkku_00000508","name":"Kahvipavut","slug":"juomat-1/kahvit-ja-suodatinpaperit/kahvipavut","__typename":"HierarchyPathItem"},{"id":"Herkku_00000089","name":"Kahvit ja suodatinpaperit","slug":"juomat-1/kahvit-ja-suodatinpaperit","__typename":"HierarchyPathItem"},{"id":"Herkku_00000005","name":"Juomat","slug":"juomat-1","__typename":"HierarchyPathItem"}],"isGlobalFallback":null,"countryName":{"fi":"Alankomaat","__typename":"CountryName"}},{"id":"7340011484202","ean":"7340011484202","name":"Rainbow 150/105g tonnikalaa paloina vedessä","price":1.95,"storeId":725782447,"__typename":"Product","approxPrice":false,"basicQuantityUnit":"KPL","comparisonPrice":18.57,"comparisonUnit":"KGM","consumerPackageSize":null,"consumerPackageUnit":null,"priceUnit":"KPL","quantityMultiplier":1,"brandName":"Rainbow","slug":"rainbow-150105g-tonnikalaa-paloina-vedessa","isAgeLimitedByAlcohol":false,"frozen":false,"packagingLabels":[],"packagingLabelCodes":[],"hierarchyPath":[{"id":"Herkku_00000352","name":"Kala- ja äyriäissäilykkeet","slug":"kuivatuotteet-ja-leivonta-1/sailykkeet/kala-ja-ayriaissailykkeet","__typename":"HierarchyPathItem"},{"id":"Herkku_00000063","name":"Säilykkeet","slug":"kuivatuotteet-ja-leivonta-1/sailykkeet","__typename":"HierarchyPathItem"},{"id":"Herkku_00000007","name":"Kuivatuotteet ja leivonta","slug":"kuivatuotteet-ja-leivonta-1","__typename":"HierarchyPathItem"}],"isGlobalFallback":null,"countryName":{"fi":"Mauritius","__typename":"CountryName"}},{"id":"7340011484714","ean":"7340011484714","name":"Xtra 150/105g tonnikalaa hienonnettuna vedessä","price":0.99,"storeId":725782447,"__typename":"Product","approxPrice":false,"basicQuantityUnit":"KPL","comparisonPrice":9.43,"comparisonUnit":"KGM","consumerPackageSize":null,"consumerPackageUnit":null,"priceUnit":"KPL","quantityMultiplier":1,"brandName":"Xtra","slug":"xtra-150105g-tonnikalaa-hienonnettuna-vedessa","isAgeLimitedByAlcohol":false,"frozen":false,"packagingLabels":[],"packagingLabelCodes":[],"hierarchyPath":[{"id":"Herkku_00000352","name":"Kala- ja äyriäissäilykkeet","slug":"kuivatuotteet-ja-leivonta-1/sailykkeet/kala-ja-ayriaissailykkeet","__typename":"HierarchyPathItem"},{"id":"Herkku_00000063","name":"Säilykkeet","slug":"kuivatuotteet-ja-leivonta-1/sailykkeet","__typename":"HierarchyPathItem"},{"id":"Herkku_00000007","name":"Kuivatuotteet ja leivonta","slug":"kuivatuotteet-ja-leivonta-1","__typename":"HierarchyPathItem"}],"isGlobalFallback":null,"countryName":{"fi":"Thaimaa","__typename":"CountryName"}},{"id":"7340011484721","ean":"7340011484721","name":"Rainbow 150/105g tonnikalaa paloina auringonkukkaöljyssä","price":1.99,"storeId":725782447,"__typename":"Product","approxPrice":false,"basicQuantityUnit":"KPL","comparisonPrice":18.95,"comparisonUnit":"KGM","consumerPackageSize":null,"consumerPackageUnit":null,"priceUnit":"KPL","quantityMultiplier":1,"brandName":"Rainbow","slug":"rainbow-150105g-tonnikalaa-paloina-auringonkukkaoljyssa","isAgeLimitedByAlcohol":false,"frozen":false,"packagingLabels":[],"packagingLabelCodes":[],"hierarchyPath":[{"id":"Herkku_00000352","name":"Kala- ja äyriäissäilykkeet","slug":"kuivatuotteet-ja-leivonta-1/sailykkeet/kala-ja-ayriaissailykkeet","__typename":"HierarchyPathItem"},{"id":"Herkku_00000063","name":"Säilykkeet","slug":"kuivatuotteet-ja-leivonta-1/sailykkeet","__typename":"HierarchyPathItem"},{"id":"Herkku_00000007","name":"Kuivatuotteet ja leivonta","slug":"kuivatuotteet-ja-leivonta-1","__typename":"HierarchyPathItem"}],"isGlobalFallback":null,"countryName":{"fi":"Filippiinit","__typename":"CountryName"}},{"id":"7340011484776","ean":"7340011484776","name":"Rainbow 150/105g tonnikalaa hiutaleina vedessä","price":1.69,"storeId":725782447,"__typename":"Product","approxPrice":false,"basicQuantityUnit":"KPL","comparisonPrice":16.1,"comparisonUnit":"KGM","consumerPackageSize":null,"consumerPackageUnit":null,"priceUnit":"KPL","quantityMultiplier":1,"brandName":"Rainbow","slug":"rainbow-150105g-tonnikalaa-hiutaleina-vedessa","isAgeLimitedByAlcohol":false,"frozen":false,"packagingLabels":[],"packagingLabelCodes":[],"hierarchyPath":[{"id":"Herkku_00000352","name":"Kala- ja äyriäissäilykkeet","slug":"kuivatuotteet-ja-leivonta-1/sailykkeet/kala-ja-ayriaissailykkeet","__typename":"HierarchyPathItem"},{"id":"Herkku_00000063","name":"Säilykkeet","slug":"kuivatuotteet-ja-leivonta-1/sailykkeet","__typename":"HierarchyPathItem"},{"id":"Herkku_00000007","name":"Kuivatuotteet ja leivonta","slug":"kuivatuotteet-ja-leivonta-1","__typename":"HierarchyPathItem"}],"isGlobalFallback":null,"countryName":{"fi":"Seychellit","__typename":"CountryName"}},{"id":"7340011484790","ean":"7340011484790","name":"Rainbow 150g/105g tonnikalaa hiutaleina auringonkukkaöljyssä","price":1.69,"storeId":725782447,"__typename":"Product","approxPrice":false,"basicQuantityUnit":"KPL","comparisonPrice":16.1,"comparisonUnit":"KGM","consumerPackageSize":null,"consumerPackageUnit":null,"priceUnit":"KPL","quantityMultiplier":1,"brandName":"Rainbow","slug":"rainbow-150g105g-tonnikalaa-hiutaleina-auringonkukkaoljyssa","isAgeLimitedByAlcohol":false,"frozen":false,"packagingLabels":[],"packagingLabelCodes":[],"hierarchyPath":[{"id":"Herkku_00000352","name":"Kala- ja äyriäissäilykkeet","slug":"kuivatuotteet-ja-leivonta-1/sailykkeet/kala-ja-ayriaissailykkeet","__typename":"HierarchyPathItem"},{"id":"Herkku_00000063","name":"Säilykkeet","slug":"kuivatuotteet-ja-leivonta-1/sailykkeet","__typename":"HierarchyPathItem"},{"id":"Herkku_00000007","name":"Kuivatuotteet ja leivonta","slug":"kuivatuotteet-ja-leivonta-1","__typename":"HierarchyPathItem"}],"isGlobalFallback":null,"countryName":{"fi":"Ecuador","__typename":"CountryName"}},{"id":"7340011484837","ean":"7340011484837","name":"Xtra 150/105g tonnikalaa hienonnettuna auringonkukkaöljyssä","price":1.19,"storeId":725782447,"__typename":"Product","approxPrice":false,"basicQuantityUnit":"KPL","comparisonPrice":11.33,"comparisonUnit":"KGM","consumerPackageSize":null,"consumerPackageUnit":null,"priceUnit":"KPL","quantityMultiplier":1,"brandName":"Xtra","slug":"xtra-150105g-tonnikalaa-hienonnettuna-auringonkukkaoljyssa","isAgeLimitedByAlcohol":false,"frozen":false,"packagingLabels":[],"packagingLabelCodes":[],"hierarchyPath":[{"id":"Herkku_00000352","name":"Kala- ja äyriäissäilykkeet","slug":"kuivatuotteet-ja-leivonta-1/sailykkeet/kala-ja-ayriaissailykkeet","__typename":"HierarchyPathItem"},{"id":"Herkku_00000063","name":"Säilykkeet","slug":"kuivatuotteet-ja-leivonta-1/sailykkeet","__typename":"HierarchyPathItem"},{"id":"Herkku_00000007","name":"Kuivatuotteet ja leivonta","slug":"kuivatuotteet-ja-leivonta-1","__typename":"HierarchyPathItem"}],"isGlobalFallback":null,"countryName":{"fi":"Vietnam","__typename":"CountryName"}},{"id":"7340011484851","ean":"7340011484851","name":"Rainbow 150g Cheddar juustoviipaleet","price":2.89,"storeId":725782447,"__typename":"Product","approxPrice":false,"basicQuantityUnit":"KPL","comparisonPrice":19.27,"comparisonUnit":"KGM","consumerPackageSize":null,"consumerPackageUnit":null,"priceUnit":"KPL","quantityMultiplier":1,"brandName":"Rainbow","slug":"rainbow-150g-cheddar-juustoviipaleet","isAgeLimitedByAlcohol":false,"frozen":false,"packagingLabels":[],"packagingLabelCodes":[],"hierarchyPath":[{"id":"1591691244827923","name":"Muut juustot","slug":"juustot-0/pala-ja-viipalejuustot/muut-juustot","__typename":"HierarchyPathItem"},{"id":"1591691244827914","name":"Pala- ja viipalejuustot","slug":"juustot-0/pala-ja-viipalejuustot","__typename":"HierarchyPathItem"},{"id":"Herkku_00000003","name":"Juustot","slug":"juustot-0","__typename":"HierarchyPathItem"}],"isGlobalFallback":null,"countryName":{"fi":"Alankomaat","__typename":"CountryName"}},{"id":"7340011486176","ean":"7340011486176","name":"Rainbow Sinkki 15mg ravintolisä 66 g/120 purutablettia mansikan ja vadelman makuinen","price":3.99,"storeId":725782447,"__typename":"Product","approxPrice":false,"basicQuantityUnit":"KPL","comparisonPrice":0.03,"comparisonUnit":"PCE","consumerPackageSize":null,"consumerPackageUnit":null,"priceUnit":"KPL","quantityMultiplier":1,"brandName":"Rainbow","slug":"rainbow-sinkki-15mg-ravintolisa-66-g120-purutablettia-mansikan-ja-vadelman-makuinen","isAgeLimitedByAlcohol":false,"frozen":false,"packagingLabels":[],"packagingLabelCodes":[],"hierarchyPath":[{"id":"Herkku_00001052","name":"Sinkkivalmisteet","slug":"luontaistuotteet-ja-lisaravinteet-1/mineraalivalmisteet/sinkkivalmisteet","__typename":"HierarchyPathItem"},{"id":"Herkku_00000178","name":"Mineraalivalmisteet","slug":"luontaistuotteet-ja-lisaravinteet-1/mineraalivalmisteet","__typename":"HierarchyPathItem"},{"id":"Herkku_00000016","name":"Luontaistuotteet ja lisäravinteet","slug":"luontaistuotteet-ja-lisaravinteet-1","__typename":"HierarchyPathItem"}],"isGlobalFallback":null,"countryName":{"fi":"Unkari","__typename":"CountryName"}},{"id":"7340011486824","ean":"7340011486824","name":"Rainbow 230g tacokastike mild luomu","price":1.45,"storeId":725782447,"__typename":"Product","approxPrice":false,"basicQuantityUnit":"KPL","comparisonPrice":6.3,"comparisonUnit":"KGM","consumerPackageSize":null,"consumerPackageUnit":null,"priceUnit":"KPL","quantityMultiplier":1,"brandName":"Rainbow","slug":"rainbow-230g-tacokastike-mild-luomu","isAgeLimitedByAlcohol":false,"frozen":false,"packagingLabels":["EU:n luomutunnus (lehti)"],"packagingLabelCodes":["EU_ORGANIC_FARMING"],"hierarchyPath":[{"id":"Herkku_00000466","name":"Tex-mex kastikkeet","slug":"oljyt-mausteet-maustaminen-1/tex-mex/tex-mex-kastikkeet","__typename":"HierarchyPathItem"},{"id":"StructureGroup_198285814629","name":"Tex mex","slug":"oljyt-mausteet-maustaminen-1/tex-mex","__typename":"HierarchyPathItem"},{"id":"Herkku_00000011","name":"Öljyt, mausteet, maustaminen","slug":"oljyt-mausteet-maustaminen-1","__typename":"HierarchyPathItem"}],"isGlobalFallback":null,"countryName":{"fi":"Belgia","__typename":"CountryName"}},{"id":"7340011487845","ean":"7340011487845","name":"Rainbow 380/230g kikherneet suolaliemessä luomu","price":0.99,"storeId":725782447,"__typename":"Product","approxPrice":false,"basicQuantityUnit":"KPL","comparisonPrice":4.3,"comparisonUnit":"KGM","consumerPackageSize":null,"consumerPackageUnit":null,"priceUnit":"KPL","quantityMultiplier":1,"brandName":"Rainbow","slug":"rainbow-380230g-kikherneet-suolaliemessa-luomu","isAgeLimitedByAlcohol":false,"frozen":false,"packagingLabels":["EU:n luomutunnus (lehti)"],"packagingLabelCodes":["EU_ORGANIC_FARMING"],"hierarchyPath":[{"id":"Herkku_00000357","name":"Kasvissäilykkeet","slug":"kuivatuotteet-ja-leivonta-1/sailykkeet/kasvissailykkeet","__typename":"HierarchyPathItem"},{"id":"Herkku_00000063","name":"Säilykkeet","slug":"kuivatuotteet-ja-leivonta-1/sailykkeet","__typename":"HierarchyPathItem"},{"id":"Herkku_00000007","name":"Kuivatuotteet ja leivonta","slug":"kuivatuotteet-ja-leivonta-1","__typename":"HierarchyPathItem"}],"isGlobalFallback":null,"countryName":{"fi":"Italia","__typename":"CountryName"}},{"id":"7340011487852","ean":"7340011487852","name":"Rainbow 380/230g kidneypavut suolaliemessä luomu","price":1.05,"storeId":725782447,"__typename":"Product","approxPrice":false,"basicQuantityUnit":"KPL","comparisonPrice":4.57,"comparisonUnit":"KGM","consumerPackageSize":null,"consumerPackageUnit":null,"priceUnit":"KPL","quantityMultiplier":1,"brandName":"Rainbow","slug":"rainbow-380230g-kidneypavut-suolaliemessa-luomu","isAgeLimitedByAlcohol":false,"frozen":false,"packagingLabels":["EU:n luomutunnus (lehti)"],"packagingLabelCodes":["EU_ORGANIC_FARMING"],"hierarchyPath":[{"id":"Herkku_00000357","name":"Kasvissäilykkeet","slug":"kuivatuotteet-ja-leivonta-1/sailykkeet/kasvissailykkeet","__typename":"HierarchyPathItem"},{"id":"Herkku_00000063","name":"Säilykkeet","slug":"kuivatuotteet-ja-leivonta-1/sailykkeet","__typename":"HierarchyPathItem"},{"id":"Herkku_00000007","name":"Kuivatuotteet ja leivonta","slug":"kuivatuotteet-ja-leivonta-1","__typename":"HierarchyPathItem"}],"isGlobalFallback":null,"countryName":{"fi":"Italia","__typename":"CountryName"}},{"id":"7340011488729","ean":"7340011488729","name":"Rainbow Suolattu Popcorn 100g","price":1.49,"storeId":725782447,"__typename":"Product","approxPrice":false,"basicQuantityUnit":"KPL","comparisonPrice":14.9,"comparisonUnit":"KGM","consumerPackageSize":null,"consumerPackageUnit":null,"priceUnit":"KPL","quantityMultiplier":1,"brandName":"Rainbow","slug":"rainbow-suolattu-popcorn-100g","isAgeLimitedByAlcohol":false,"frozen":false,"packagingLabels":[],"packagingLabelCodes":[],"hierarchyPath":[{"id":"Herkku_00000349","name":"Popcornit","slug":"makeiset-ja-naposteltavat-1/sipsit-ja-muut-naposteltavat/popcornit","__typename":"HierarchyPathItem"},{"id":"Herkku_00000062","name":"Sipsit ja muut naposteltavat","slug":"makeiset-ja-naposteltavat-1/sipsit-ja-muut-naposteltavat","__typename":"HierarchyPathItem"},{"id":"Herkku_00000009","name":"Makeiset ja naposteltavat","slug":"makeiset-ja-naposteltavat-1","__typename":"HierarchyPathItem"}],"isGlobalFallback":null,"countryName":{"fi":"Tanska","__typename":"CountryName"}},{"id":"7340011488835","ean":"7340011488835","name":"Rainbow voin makuinen mikropopcorn 3x100g","price":1.59,"storeId":725782447,"__typename":"Product","approxPrice":false,"basicQuantityUnit":"KPL","comparisonPrice":5.3,"comparisonUnit":"KGM","consumerPackageSize":null,"consumerPackageUnit":null,"priceUnit":"KPL","quantityMultiplier":1,"brandName":"Rainbow","slug":"rainbow-voin-makuinen-mikropopcorn-3x100g","isAgeLimitedByAlcohol":false,"frozen":false,"packagingLabels":[],"packagingLabelCodes":[],"hierarchyPath":[{"id":"Herkku_00000349","name":"Popcornit","slug":"makeiset-ja-naposteltavat-1/sipsit-ja-muut-naposteltavat/popcornit","__typename":"HierarchyPathItem"},{"id":"Herkku_00000062","name":"Sipsit ja muut naposteltavat","slug":"makeiset-ja-naposteltavat-1/sipsit-ja-muut-naposteltavat","__typename":"HierarchyPathItem"},{"id":"Herkku_00000009","name":"Makeiset ja naposteltavat","slug":"makeiset-ja-naposteltavat-1","__typename":"HierarchyPathItem"}],"isGlobalFallback":null,"countryName":{"fi":"Unkari","__typename":"CountryName"}},{"id":"7340011489238","ean":"7340011489238","name":"Rainbow suklaahippukakku 350g","price":2.45,"storeId":725782447,"__typename":"Product","approxPrice":false,"basicQuantityUnit":"KPL","comparisonPrice":7,"comparisonUnit":"KGM","consumerPackageSize":null,"consumerPackageUnit":null,"priceUnit":"KPL","quantityMultiplier":1,"brandName":"Rainbow","slug":"rainbow-suklaahippukakku-350g","isAgeLimitedByAlcohol":false,"frozen":false,"packagingLabels":[],"packagingLabelCodes":[],"hierarchyPath":[{"id":"Herkku_00000945","name":"Kuivakakut","slug":"leivat-keksit-ja-leivonnaiset-1/leivonnaiset/kuivakakut","__typename":"HierarchyPathItem"},{"id":"Herkku_00000152","name":"Leivonnaiset","slug":"leivat-keksit-ja-leivonnaiset-1/leivonnaiset","__typename":"HierarchyPathItem"},{"id":"Herkku_00000008","name":"Leivät, keksit ja leivonnaiset","slug":"leivat-keksit-ja-leivonnaiset-1","__typename":"HierarchyPathItem"}],"isGlobalFallback":null,"countryName":{"fi":"Andorra","__typename":"CountryName"}},{"id":"7340011489344","ean":"7340011489344","name":"Rainbow LED-lamppu 4W E27 2700K 470lm himmeä lasi 3kpl","price":4.95,"storeId":725782447,"__typename":"Product","approxPrice":false,"basicQuantityUnit":"KPL","comparisonPrice":1.65,"comparisonUnit":"PCE","consumerPackageSize":null,"consumerPackageUnit":null,"priceUnit":"KPL","quantityMultiplier":1,"brandName":"Rainbow","slug":"rainbow-led-lamppu-4w-e27-2700k-470lm-himmea-lasi-3kpl","isAgeLimitedByAlcohol":false,"frozen":false,"packagingLabels":[],"packagingLabelCodes":[],"hierarchyPath":null,"isGlobalFallback":null,"countryName":{"fi":"Kiina","__typename":"CountryName"}},{"id":"7340011489375","ean":"7340011489375","name":"Rainbow LED-lamppu 7W E27 4000K 806lm huurrettu lasi 3kpl","price":4.95,"storeId":725782447,"__typename":"Product","approxPrice":false,"basicQuantityUnit":"KPL","comparisonPrice":1.65,"comparisonUnit":"PCE","consumerPackageSize":null,"consumerPackageUnit":null,"priceUnit":"KPL","quantityMultiplier":1,"brandName":"Rainbow","slug":"rainbow-led-lamppu-7w-e27-4000k-806lm-huurrettu-lasi-3kpl","isAgeLimitedByAlcohol":false,"frozen":false,"packagingLabels":[],"packagingLabelCodes":[],"hierarchyPath":null,"isGlobalFallback":null,"countryName":{"fi":"Kiina","__typename":"CountryName"}},{"id":"7340011489405","ean":"7340011489405","name":"Rainbow LED-lamppu 4W E14 4000K 470lm huurrettu lasi","price":2.09,"storeId":725782447,"__typename":"Product","approxPrice":false,"basicQuantityUnit":"KPL","comparisonPrice":2.09,"comparisonUnit":"PCE","consumerPackageSize":null,"consumerPackageUnit":null,"priceUnit":"KPL","quantityMultiplier":1,"brandName":"Rainbow","slug":"rainbow-led-lamppu-4w-e14-4000k-470lm-huurrettu-lasi","isAgeLimitedByAlcohol":false,"frozen":false,"packagingLabels":[],"packagingLabelCodes":[],"hierarchyPath":null,"isGlobalFallback":null,"countryName":{"fi":"Kiina","__typename":"CountryName"}},{"id":"7340011489429","ean":"7340011489429","name":"Rainbow LED-kynttilälamppu 4,3W E14 2700K 470lm kirkas lasi 3kpl","price":4.95,"storeId":725782447,"__typename":"Product","approxPrice":false,"basicQuantityUnit":"KPL","comparisonPrice":1.65,"comparisonUnit":"PCE","consumerPackageSize":null,"consumerPackageUnit":null,"priceUnit":"KPL","quantityMultiplier":1,"brandName":"Rainbow","slug":"rainbow-led-kynttilalamppu-4-3w-e14-2700k-470lm-kirkas-lasi-3kpl","isAgeLimitedByAlcohol":false,"frozen":false,"packagingLabels":[],"packagingLabelCodes":[],"hierarchyPath":null,"isGlobalFallback":null,"countryName":{"fi":"Kiina","__typename":"CountryName"}},{"id":"7340011489580","ean":"7340011489580","name":"Rainbow riisikakku suklaa 100g","price":2.29,"storeId":725782447,"__typename":"Product","approxPrice":false,"basicQuantityUnit":"KPL","comparisonPrice":22.9,"comparisonUnit":"KGM","consumerPackageSize":null,"consumerPackageUnit":null,"priceUnit":"KPL","quantityMultiplier":1,"brandName":"Rainbow","slug":"rainbow-riisikakku-suklaa-100g","isAgeLimitedByAlcohol":false,"frozen":false,"packagingLabels":[],"packagingLabelCodes":[],"hierarchyPath":[{"id":"Herkku_00000315","name":"Riisikakut","slug":"leivat-keksit-ja-leivonnaiset-1/nakkileivat-ja-hapankorput/riisikakut","__typename":"HierarchyPathItem"},{"id":"Herkku_00000052","name":"Näkkileivät ja hapankorput","slug":"leivat-keksit-ja-leivonnaiset-1/nakkileivat-ja-hapankorput","__typename":"HierarchyPathItem"},{"id":"Herkku_00000008","name":"Leivät, keksit ja leivonnaiset","slug":"leivat-keksit-ja-leivonnaiset-1","__typename":"HierarchyPathItem"}],"isGlobalFallback":null,"countryName":{"fi":"Alankomaat","__typename":"CountryName"}},{"id":"7340011490982","ean":"7340011490982","name":"Rainbow LED-kynttilälamppu 4,3W E14 4000K 470lm kirkas lasi","price":2.09,"storeId":725782447,"__typename":"Product","approxPrice":false,"basicQuantityUnit":"KPL","comparisonPrice":2.09,"comparisonUnit":"PCE","consumerPackageSize":null,"consumerPackageUnit":null,"priceUnit":"KPL","quantityMultiplier":1,"brandName":"Rainbow","slug":"rainbow-led-kynttilalamppu-4-3w-e14-4000k-470lm-kirkas-lasi","isAgeLimitedByAlcohol":false,"frozen":false,"packagingLabels":[],"packagingLabelCodes":[],"hierarchyPath":null,"isGlobalFallback":null,"countryName":{"fi":"Kiina","__typename":"CountryName"}},{"id":"7340011491019","ean":"7340011491019","name":"Rainbow LED-lamppu 7W E27 2700K 806lm huurrettu lasi","price":2.09,"storeId":725782447,"__typename":"Product","approxPrice":false,"basicQuantityUnit":"KPL","comparisonPrice":2.09,"comparisonUnit":"PCE","consumerPackageSize":null,"consumerPackageUnit":null,"priceUnit":"KPL","quantityMultiplier":1,"brandName":"Rainbow","slug":"rainbow-led-lamppu-7w-e27-2700k-806lm-huurrettu-lasi","isAgeLimitedByAlcohol":false,"frozen":false,"packagingLabels":[],"packagingLabelCodes":[],"hierarchyPath":null,"isGlobalFallback":null,"countryName":{"fi":"Kiina","__typename":"CountryName"}},{"id":"7340011492054","ean":"7340011492054","name":"Coop Tomaattimurska chili 400g","price":1.15,"storeId":725782447,"__typename":"Product","approxPrice":false,"basicQuantityUnit":"KPL","comparisonPrice":1.15,"comparisonUnit":"PCE","consumerPackageSize":null,"consumerPackageUnit":null,"priceUnit":"KPL","quantityMultiplier":1,"brandName":"Coop","slug":"coop-tomaattimurska-chili-400g","isAgeLimitedByAlcohol":false,"frozen":false,"packagingLabels":[],"packagingLabelCodes":[],"hierarchyPath":[{"id":"Herkku_00000357","name":"Kasvissäilykkeet","slug":"kuivatuotteet-ja-leivonta-1/sailykkeet/kasvissailykkeet","__typename":"HierarchyPathItem"},{"id":"Herkku_00000063","name":"Säilykkeet","slug":"kuivatuotteet-ja-leivonta-1/sailykkeet","__typename":"HierarchyPathItem"},{"id":"Herkku_00000007","name":"Kuivatuotteet ja leivonta","slug":"kuivatuotteet-ja-leivonta-1","__typename":"HierarchyPathItem"}],"isGlobalFallback":null,"countryName":{"fi":"Italia","__typename":"CountryName"}},{"id":"7340011493761","ean":"7340011493761","name":"Rainbow 70g pasta carbonara kuppi","price":1.39,"storeId":725782447,"__typename":"Product","approxPrice":false,"basicQuantityUnit":"KPL","comparisonPrice":19.86,"comparisonUnit":"KGM","consumerPackageSize":null,"consumerPackageUnit":null,"priceUnit":"KPL","quantityMultiplier":1,"brandName":"Rainbow","slug":"rainbow-70g-pasta-carbonara-kuppi","isAgeLimitedByAlcohol":false,"frozen":false,"packagingLabels":[],"packagingLabelCodes":[],"hierarchyPath":[{"id":"Herkku_00000467","name":"Valmiit ateriaratkaisut","slug":"kuivatuotteet-ja-leivonta-1/ateria-ainekset/valmiit-ateriaratkaisut","__typename":"HierarchyPathItem"},{"id":"Herkku_00000087","name":"Ateria-ainekset","slug":"kuivatuotteet-ja-leivonta-1/ateria-ainekset","__typename":"HierarchyPathItem"},{"id":"Herkku_00000007","name":"Kuivatuotteet ja leivonta","slug":"kuivatuotteet-ja-leivonta-1","__typename":"HierarchyPathItem"}],"isGlobalFallback":null,"countryName":{"fi":"Italia","__typename":"CountryName"}},{"id":"7340011493778","ean":"7340011493778","name":"Rainbow 70g Mac & Cheese kuppi","price":1.39,"storeId":725782447,"__typename":"Product","approxPrice":false,"basicQuantityUnit":"KPL","comparisonPrice":19.86,"comparisonUnit":"KGM","consumerPackageSize":null,"consumerPackageUnit":null,"priceUnit":"KPL","quantityMultiplier":1,"brandName":"Rainbow","slug":"rainbow-70g-mac-and-cheese-kuppi","isAgeLimitedByAlcohol":false,"frozen":false,"packagingLabels":[],"packagingLabelCodes":[],"hierarchyPath":[{"id":"Herkku_00000467","name":"Valmiit ateriaratkaisut","slug":"kuivatuotteet-ja-leivonta-1/ateria-ainekset/valmiit-ateriaratkaisut","__typename":"HierarchyPathItem"},{"id":"Herkku_00000087","name":"Ateria-ainekset","slug":"kuivatuotteet-ja-leivonta-1/ateria-ainekset","__typename":"HierarchyPathItem"},{"id":"Herkku_00000007","name":"Kuivatuotteet ja leivonta","slug":"kuivatuotteet-ja-leivonta-1","__typename":"HierarchyPathItem"}],"isGlobalFallback":null,"countryName":{"fi":"Italia","__typename":"CountryName"}},{"id":"7340011494096","ean":"7340011494096","name":"Rainbow 36g Tex Mex taco mausteseos","price":0.79,"storeId":725782447,"__typename":"Product","approxPrice":false,"basicQuantityUnit":"KPL","comparisonPrice":21.94,"comparisonUnit":"KGM","consumerPackageSize":null,"consumerPackageUnit":null,"priceUnit":"KPL","quantityMultiplier":1,"brandName":"Rainbow","slug":"rainbow-36g-tex-mex-taco-mausteseos","isAgeLimitedByAlcohol":false,"frozen":false,"packagingLabels":[],"packagingLabelCodes":[],"hierarchyPath":[{"id":"Herkku_00000462","name":"Tex-mex mausteet","slug":"oljyt-mausteet-maustaminen-1/tex-mex/tex-mex-mausteet","__typename":"HierarchyPathItem"},{"id":"StructureGroup_198285814629","name":"Tex mex","slug":"oljyt-mausteet-maustaminen-1/tex-mex","__typename":"HierarchyPathItem"},{"id":"Herkku_00000011","name":"Öljyt, mausteet, maustaminen","slug":"oljyt-mausteet-maustaminen-1","__typename":"HierarchyPathItem"}],"isGlobalFallback":null,"countryName":{"fi":"Kiina","__typename":"CountryName"}},{"id":"7340011494102","ean":"7340011494102","name":"Rainbow spagettikastikeainekset 52g","price":1.25,"storeId":725782447,"__typename":"Product","approxPrice":false,"basicQuantityUnit":"KPL","comparisonPrice":24.04,"comparisonUnit":"KGM","consumerPackageSize":null,"consumerPackageUnit":null,"priceUnit":"KPL","quantityMultiplier":1,"brandName":"Rainbow","slug":"rainbow-spagettikastikeainekset-52g","isAgeLimitedByAlcohol":false,"frozen":false,"packagingLabels":[],"packagingLabelCodes":[],"hierarchyPath":[{"id":"Herkku_00000452","name":"Pastakastikkeet","slug":"oljyt-mausteet-maustaminen-1/maustekastikkeet-ja-tahnat/pastakastikkeet","__typename":"HierarchyPathItem"},{"id":"Herkku_00000078","name":"Maustekastikkeet ja tahnat","slug":"oljyt-mausteet-maustaminen-1/maustekastikkeet-ja-tahnat","__typename":"HierarchyPathItem"},{"id":"Herkku_00000011","name":"Öljyt, mausteet, maustaminen","slug":"oljyt-mausteet-maustaminen-1","__typename":"HierarchyPathItem"}],"isGlobalFallback":null,"countryName":{"fi":"Italia","__typename":"CountryName"}},{"id":"7340011494300","ean":"7340011494300","name":"Rainbow 750ml lasinpuhdistusaine","price":2.69,"storeId":725782447,"__typename":"Product","approxPrice":false,"basicQuantityUnit":"KPL","comparisonPrice":3.59,"comparisonUnit":"LTR","consumerPackageSize":null,"consumerPackageUnit":null,"priceUnit":"KPL","quantityMultiplier":1,"brandName":"Rainbow","slug":"rainbow-750ml-lasinpuhdistusaine","isAgeLimitedByAlcohol":false,"frozen":false,"packagingLabels":[],"packagingLabelCodes":[],"hierarchyPath":[{"id":"1591691234596343","name":"Ikkuna- ja lasipintojen puhdistusaineet","slug":"kodinhoito-ja-taloustarvikkeet/siivous-ja-puhdistusaineet/ikkuna-ja-lasipintojen-puhdistusaineet","__typename":"HierarchyPathItem"},{"id":"1591691234596327","name":"Siivous ja puhdistusaineet","slug":"kodinhoito-ja-taloustarvikkeet/siivous-ja-puhdistusaineet","__typename":"HierarchyPathItem"},{"id":"1591691234596256","name":"Kodinhoito ja taloustarvikkeet","slug":"kodinhoito-ja-taloustarvikkeet","__typename":"HierarchyPathItem"}],"isGlobalFallback":null,"countryName":{"fi":"Viro","__typename":"CountryName"}},{"id":"7340011494560","ean":"7340011494560","name":"Rainbow 150/105g keltaevätonnikalaa paloina auringonkukkaöljyssä","price":2.19,"storeId":725782447,"__typename":"Product","approxPrice":false,"basicQuantityUnit":"KPL","comparisonPrice":20.86,"comparisonUnit":"KGM","consumerPackageSize":null,"consumerPackageUnit":null,"priceUnit":"KPL","quantityMultiplier":1,"brandName":"Rainbow","slug":"rainbow-150105g-keltaevatonnikalaa-paloina-auringonkukkaoljyssa","isAgeLimitedByAlcohol":false,"frozen":false,"packagingLabels":[],"packagingLabelCodes":[],"hierarchyPath":[{"id":"Herkku_00000352","name":"Kala- ja äyriäissäilykkeet","slug":"kuivatuotteet-ja-leivonta-1/sailykkeet/kala-ja-ayriaissailykkeet","__typename":"HierarchyPathItem"},{"id":"Herkku_00000063","name":"Säilykkeet","slug":"kuivatuotteet-ja-leivonta-1/sailykkeet","__typename":"HierarchyPathItem"},{"id":"Herkku_00000007","name":"Kuivatuotteet ja leivonta","slug":"kuivatuotteet-ja-leivonta-1","__typename":"HierarchyPathItem"}],"isGlobalFallback":null,"countryName":{"fi":"Espanja","__typename":"CountryName"}},{"id":"7340011496229","ean":"7340011496229","name":"Xtra Tonnikalaa hienonnettuna auringonkukkaöljyssä 90/150 g","price":1.19,"storeId":725782447,"__typename":"Product","approxPrice":false,"basicQuantityUnit":"KPL","comparisonPrice":7.93,"comparisonUnit":"KGM","consumerPackageSize":null,"consumerPackageUnit":null,"priceUnit":"KPL","quantityMultiplier":1,"brandName":"Xtra","slug":"xtra-tonnikalaa-hienonnettuna-auringonkukkaoljyssa-90150-g","isAgeLimitedByAlcohol":false,"frozen":false,"packagingLabels":[],"packagingLabelCodes":[],"hierarchyPath":[{"id":"Herkku_00000352","name":"Kala- ja äyriäissäilykkeet","slug":"kuivatuotteet-ja-leivonta-1/sailykkeet/kala-ja-ayriaissailykkeet","__typename":"HierarchyPathItem"},{"id":"Herkku_00000063","name":"Säilykkeet","slug":"kuivatuotteet-ja-leivonta-1/sailykkeet","__typename":"HierarchyPathItem"},{"id":"Herkku_00000007","name":"Kuivatuotteet ja leivonta","slug":"kuivatuotteet-ja-leivonta-1","__typename":"HierarchyPathItem"}],"isGlobalFallback":null,"countryName":{"fi":"Mauritius","__typename":"CountryName"}},{"id":"7340011496434","ean":"7340011496434","name":"Rainbow 200g kuivatut aprikoosit","price":2.59,"storeId":725782447,"__typename":"Product","approxPrice":false,"basicQuantityUnit":"KPL","comparisonPrice":12.95,"comparisonUnit":"KGM","consumerPackageSize":null,"consumerPackageUnit":null,"priceUnit":"KPL","quantityMultiplier":1,"brandName":"Rainbow","slug":"rainbow-200g-kuivatut-aprikoosit","isAgeLimitedByAlcohol":false,"frozen":false,"packagingLabels":[],"packagingLabelCodes":[],"hierarchyPath":[{"id":"Herkku_00000306","name":"Kuivatut hedelmät ja marjat","slug":"kuivatuotteet-ja-leivonta-1/siemenet-pahkinat-ja-kuivatut-hedelmat/kuivatut-hedelmat-ja-marjat","__typename":"HierarchyPathItem"},{"id":"Herkku_00000050","name":"Siemenet, pähkinät ja kuivatut hedelmät","slug":"kuivatuotteet-ja-leivonta-1/siemenet-pahkinat-ja-kuivatut-hedelmat","__typename":"HierarchyPathItem"},{"id":"Herkku_00000007","name":"Kuivatuotteet ja leivonta","slug":"kuivatuotteet-ja-leivonta-1","__typename":"HierarchyPathItem"}],"isGlobalFallback":null,"countryName":{"fi":"Turkki","__typename":"CountryName"}},{"id":"7340011497585","ean":"7340011497585","name":"Rainbow juotava päärynäjogurtti 500g","price":1.49,"storeId":725782447,"__typename":"Product","approxPrice":false,"basicQuantityUnit":"KPL","comparisonPrice":2.98,"comparisonUnit":"KGM","consumerPackageSize":null,"consumerPackageUnit":null,"priceUnit":"KPL","quantityMultiplier":1,"brandName":"Rainbow","slug":"rainbow-juotava-paarynajogurtti-500g","isAgeLimitedByAlcohol":false,"frozen":false,"packagingLabels":[],"packagingLabelCodes":[],"hierarchyPath":[{"id":"Herkku_00000637","name":"Juotavat jogurtit","slug":"maito-munat-ja-rasvat-0/jogurtit/juotavat-jogurtit","__typename":"HierarchyPathItem"},{"id":"Herkku_00000118","name":"Jogurtit","slug":"maito-munat-ja-rasvat-0/jogurtit","__typename":"HierarchyPathItem"},{"id":"Herkku_00000006","name":"Maito, munat ja rasvat","slug":"maito-munat-ja-rasvat-0","__typename":"HierarchyPathItem"}],"isGlobalFallback":null,"countryName":{"fi":"Itävalta","__typename":"CountryName"}},{"id":"7340011498445","ean":"7340011498445","name":"Xtra vanupuikot 200kpl","price":0.95,"storeId":725782447,"__typename":"Product","approxPrice":false,"basicQuantityUnit":"KPL","comparisonPrice":0,"comparisonUnit":"PCE","consumerPackageSize":null,"consumerPackageUnit":null,"priceUnit":"KPL","quantityMultiplier":1,"brandName":"Xtra","slug":"xtra-vanupuikot-200kpl","isAgeLimitedByAlcohol":false,"frozen":false,"packagingLabels":[],"packagingLabelCodes":[],"hierarchyPath":[{"id":"1591691233334751","name":"Vanut ja vanupuikot","slug":"kosmetiikka-ja-hygienia/kasvojenhoito/vanut-ja-vanupuikot","__typename":"HierarchyPathItem"},{"id":"1591691233334725","name":"Kasvojenhoito","slug":"kosmetiikka-ja-hygienia/kasvojenhoito","__typename":"HierarchyPathItem"},{"id":"1591691233334707","name":"Kosmetiikka ja hygienia","slug":"kosmetiikka-ja-hygienia","__typename":"HierarchyPathItem"}],"isGlobalFallback":null,"countryName":{"fi":"Ranska","__typename":"CountryName"}},{"id":"7340011499671","ean":"7340011499671","name":"Rainbow appelsiininmakuinen rypälesokeripastilli 39g","price":0.69,"storeId":725782447,"__typename":"Product","approxPrice":false,"basicQuantityUnit":"KPL","comparisonPrice":17.69,"comparisonUnit":"KGM","consumerPackageSize":null,"consumerPackageUnit":null,"priceUnit":"KPL","quantityMultiplier":1,"brandName":"Rainbow","slug":"rainbow-appelsiininmakuinen-rypalesokeripastilli-39g","isAgeLimitedByAlcohol":false,"frozen":false,"packagingLabels":[],"packagingLabelCodes":[],"hierarchyPath":[{"id":"Herkku_00001028","name":"Glukoosivalmisteet","slug":"luontaistuotteet-ja-lisaravinteet-1/erityisvalmisteet/glukoosivalmisteet","__typename":"HierarchyPathItem"},{"id":"Herkku_00000175","name":"Erityisvalmisteet","slug":"luontaistuotteet-ja-lisaravinteet-1/erityisvalmisteet","__typename":"HierarchyPathItem"},{"id":"Herkku_00000016","name":"Luontaistuotteet ja lisäravinteet","slug":"luontaistuotteet-ja-lisaravinteet-1","__typename":"HierarchyPathItem"}],"isGlobalFallback":null,"countryName":{"fi":"Unkari","__typename":"CountryName"}},{"id":"7340011499688","ean":"7340011499688","name":"Rainbow mansikan makuinen rypälesokeripastilli 39g","price":0.69,"storeId":725782447,"__typename":"Product","approxPrice":false,"basicQuantityUnit":"KPL","comparisonPrice":17.69,"comparisonUnit":"KGM","consumerPackageSize":null,"consumerPackageUnit":null,"priceUnit":"KPL","quantityMultiplier":1,"brandName":"Rainbow","slug":"rainbow-mansikan-makuinen-rypalesokeripastilli-39g","isAgeLimitedByAlcohol":false,"frozen":false,"packagingLabels":[],"packagingLabelCodes":[],"hierarchyPath":[{"id":"Herkku_00001028","name":"Glukoosivalmisteet","slug":"luontaistuotteet-ja-lisaravinteet-1/erityisvalmisteet/glukoosivalmisteet","__typename":"HierarchyPathItem"},{"id":"Herkku_00000175","name":"Erityisvalmisteet","slug":"luontaistuotteet-ja-lisaravinteet-1/erityisvalmisteet","__typename":"HierarchyPathItem"},{"id":"Herkku_00000016","name":"Luontaistuotteet ja lisäravinteet","slug":"luontaistuotteet-ja-lisaravinteet-1","__typename":"HierarchyPathItem"}],"isGlobalFallback":null,"countryName":{"fi":"Unkari","__typename":"CountryName"}},{"id":"7340011499695","ean":"7340011499695","name":"Rainbow melonin makuinen rypälesokeripastilli 39g","price":0.69,"storeId":725782447,"__typename":"Product","approxPrice":false,"basicQuantityUnit":"KPL","comparisonPrice":17.69,"comparisonUnit":"KGM","consumerPackageSize":null,"consumerPackageUnit":null,"priceUnit":"KPL","quantityMultiplier":1,"brandName":"Rainbow","slug":"rainbow-melonin-makuinen-rypalesokeripastilli-39g","isAgeLimitedByAlcohol":false,"frozen":false,"packagingLabels":[],"packagingLabelCodes":[],"hierarchyPath":[{"id":"Herkku_00001028","name":"Glukoosivalmisteet","slug":"luontaistuotteet-ja-lisaravinteet-1/erityisvalmisteet/glukoosivalmisteet","__typename":"HierarchyPathItem"},{"id":"Herkku_00000175","name":"Erityisvalmisteet","slug":"luontaistuotteet-ja-lisaravinteet-1/erityisvalmisteet","__typename":"HierarchyPathItem"},{"id":"Herkku_00000016","name":"Luontaistuotteet ja lisäravinteet","slug":"luontaistuotteet-ja-lisaravinteet-1","__typename":"HierarchyPathItem"}],"isGlobalFallback":null,"countryName":{"fi":"Unkari","__typename":"CountryName"}},{"id":"7340131600292","ean":"7340131600292","name":"330ml NOCCO BCAA Caribbean energiajuoma","price":2.75,"storeId":725782447,"__typename":"Product","approxPrice":false,"basicQuantityUnit":"KPL","comparisonPrice":7.88,"comparisonUnit":"LTR","consumerPackageSize":null,"consumerPackageUnit":null,"priceUnit":"KPL","quantityMultiplier":1,"brandName":"Nocco","slug":"330ml-nocco-bcaa-caribbean-energiajuoma","isAgeLimitedByAlcohol":false,"frozen":false,"packagingLabels":[],"packagingLabelCodes":[],"hierarchyPath":[{"id":"1591691224561835","name":"Energiajuomat","slug":"juomat-1/energiajuomat-ja-urheilujuomat/energiajuomat","__typename":"HierarchyPathItem"},{"id":"1591691224561833","name":"Energiajuomat ja urheilujuomat","slug":"juomat-1/energiajuomat-ja-urheilujuomat","__typename":"HierarchyPathItem"},{"id":"Herkku_00000005","name":"Juomat","slug":"juomat-1","__typename":"HierarchyPathItem"}],"isGlobalFallback":null,"countryName":{"fi":"Alankomaat","__typename":"CountryName"}},{"id":"7340131602265","ean":"7340131602265","name":"330ml NOCCO BCAA Sunny Soda, hiilihapotettu energiajuoma","price":2.75,"storeId":725782447,"__typename":"Product","approxPrice":false,"basicQuantityUnit":"KPL","comparisonPrice":7.88,"comparisonUnit":"LTR","consumerPackageSize":null,"consumerPackageUnit":null,"priceUnit":"KPL","quantityMultiplier":1,"brandName":"Nocco","slug":"330ml-nocco-bcaa-sunny-soda-hiilihapotettu-energiajuoma","isAgeLimitedByAlcohol":false,"frozen":false,"packagingLabels":[],"packagingLabelCodes":[],"hierarchyPath":[{"id":"1591691224561835","name":"Energiajuomat","slug":"juomat-1/energiajuomat-ja-urheilujuomat/energiajuomat","__typename":"HierarchyPathItem"},{"id":"1591691224561833","name":"Energiajuomat ja urheilujuomat","slug":"juomat-1/energiajuomat-ja-urheilujuomat","__typename":"HierarchyPathItem"},{"id":"Herkku_00000005","name":"Juomat","slug":"juomat-1","__typename":"HierarchyPathItem"}],"isGlobalFallback":null,"countryName":{"fi":"Alankomaat","__typename":"CountryName"}},{"id":"7340131602586","ean":"7340131602586","name":"330ml NOCCO BCAA Blood Orange aminohappoja, kofeiinia ja vitamiineja sisältävä hiilihapotettu energiajuoma","price":2.75,"storeId":725782447,"__typename":"Product","approxPrice":false,"basicQuantityUnit":"KPL","comparisonPrice":7.88,"comparisonUnit":"LTR","consumerPackageSize":null,"consumerPackageUnit":null,"priceUnit":"KPL","quantityMultiplier":1,"brandName":"Nocco","slug":"330ml-nocco-bcaa-blood-orange-aminohappoja-kofeiinia-ja-vitamiineja-sisaltava-hiilihapotettu-energiajuoma","isAgeLimitedByAlcohol":false,"frozen":false,"packagingLabels":[],"packagingLabelCodes":[],"hierarchyPath":[{"id":"1591691224561835","name":"Energiajuomat","slug":"juomat-1/energiajuomat-ja-urheilujuomat/energiajuomat","__typename":"HierarchyPathItem"},{"id":"1591691224561833","name":"Energiajuomat ja urheilujuomat","slug":"juomat-1/energiajuomat-ja-urheilujuomat","__typename":"HierarchyPathItem"},{"id":"Herkku_00000005","name":"Juomat","slug":"juomat-1","__typename":"HierarchyPathItem"}],"isGlobalFallback":null,"countryName":{"fi":"Alankomaat","__typename":"CountryName"}},{"id":"7340131602906","ean":"7340131602906","name":"330ml NOCCO Focus Ramonade energiajuoma","price":2.75,"storeId":725782447,"__typename":"Product","approxPrice":false,"basicQuantityUnit":"KPL","comparisonPrice":7.88,"comparisonUnit":"LTR","consumerPackageSize":null,"consumerPackageUnit":null,"priceUnit":"KPL","quantityMultiplier":1,"brandName":"Nocco","slug":"330ml-nocco-focus-ramonade-energiajuoma","isAgeLimitedByAlcohol":false,"frozen":false,"packagingLabels":[],"packagingLabelCodes":[],"hierarchyPath":[{"id":"1591691224561835","name":"Energiajuomat","slug":"juomat-1/energiajuomat-ja-urheilujuomat/energiajuomat","__typename":"HierarchyPathItem"},{"id":"1591691224561833","name":"Energiajuomat ja urheilujuomat","slug":"juomat-1/energiajuomat-ja-urheilujuomat","__typename":"HierarchyPathItem"},{"id":"Herkku_00000005","name":"Juomat","slug":"juomat-1","__typename":"HierarchyPathItem"}],"isGlobalFallback":null,"countryName":{"fi":"Alankomaat","__typename":"CountryName"}},{"id":"7340131602920","ean":"7340131602920","name":"330ml NOCCO Juicy Breeze","price":2.75,"storeId":725782447,"__typename":"Product","approxPrice":false,"basicQuantityUnit":"KPL","comparisonPrice":7.88,"comparisonUnit":"LTR","consumerPackageSize":null,"consumerPackageUnit":null,"priceUnit":"KPL","quantityMultiplier":1,"brandName":"Nocco","slug":"330ml-nocco-juicy-breeze","isAgeLimitedByAlcohol":false,"frozen":false,"packagingLabels":[],"packagingLabelCodes":[],"hierarchyPath":[{"id":"1591691224561835","name":"Energiajuomat","slug":"juomat-1/energiajuomat-ja-urheilujuomat/energiajuomat","__typename":"HierarchyPathItem"},{"id":"1591691224561833","name":"Energiajuomat ja urheilujuomat","slug":"juomat-1/energiajuomat-ja-urheilujuomat","__typename":"HierarchyPathItem"},{"id":"Herkku_00000005","name":"Juomat","slug":"juomat-1","__typename":"HierarchyPathItem"}],"isGlobalFallback":null,"countryName":{"fi":"Alankomaat","__typename":"CountryName"}},{"id":"7340131603231","ean":"7340131603231","name":"330ml NOCCO Focus Pearade energiajuoma","price":2.75,"storeId":725782447,"__typename":"Product","approxPrice":false,"basicQuantityUnit":"KPL","comparisonPrice":7.88,"comparisonUnit":"LTR","consumerPackageSize":null,"consumerPackageUnit":null,"priceUnit":"KPL","quantityMultiplier":1,"brandName":"Nocco","slug":"330ml-nocco-focus-pearade-energiajuoma","isAgeLimitedByAlcohol":false,"frozen":false,"packagingLabels":[],"packagingLabelCodes":[],"hierarchyPath":[{"id":"1591691224561835","name":"Energiajuomat","slug":"juomat-1/energiajuomat-ja-urheilujuomat/energiajuomat","__typename":"HierarchyPathItem"},{"id":"1591691224561833","name":"Energiajuomat ja urheilujuomat","slug":"juomat-1/energiajuomat-ja-urheilujuomat","__typename":"HierarchyPathItem"},{"id":"Herkku_00000005","name":"Juomat","slug":"juomat-1","__typename":"HierarchyPathItem"}],"isGlobalFallback":null,"countryName":{"fi":"Alankomaat","__typename":"CountryName"}},{"id":"7340131608014","ean":"7340131608014","name":"330ml NOCCO FOCUS Colan makuinen, aminohappoja, kofeiinia ja vitamiineja sisältävä hiilihapotettu energiajuoma","price":2.75,"storeId":725782447,"__typename":"Product","approxPrice":false,"basicQuantityUnit":"KPL","comparisonPrice":7.88,"comparisonUnit":"LTR","consumerPackageSize":null,"consumerPackageUnit":null,"priceUnit":"KPL","quantityMultiplier":1,"brandName":"Nocco","slug":"330ml-nocco-focus-colan-makuinen-aminohappoja-kofeiinia-ja-vitamiineja-sisaltava-hiilihapotettu-energiajuoma","isAgeLimitedByAlcohol":false,"frozen":false,"packagingLabels":[],"packagingLabelCodes":[],"hierarchyPath":[{"id":"1591691224561835","name":"Energiajuomat","slug":"juomat-1/energiajuomat-ja-urheilujuomat/energiajuomat","__typename":"HierarchyPathItem"},{"id":"1591691224561833","name":"Energiajuomat ja urheilujuomat","slug":"juomat-1/energiajuomat-ja-urheilujuomat","__typename":"HierarchyPathItem"},{"id":"Herkku_00000005","name":"Juomat","slug":"juomat-1","__typename":"HierarchyPathItem"}],"isGlobalFallback":null,"countryName":{"fi":"Alankomaat","__typename":"CountryName"}},{"id":"7340191100732","ean":"7340191100732","name":"Xtra 100g tummasuklaa","price":0.95,"storeId":725782447,"__typename":"Product","approxPrice":false,"basicQuantityUnit":"KPL","comparisonPrice":9.5,"comparisonUnit":"KGM","consumerPackageSize":null,"consumerPackageUnit":null,"priceUnit":"KPL","quantityMultiplier":1,"brandName":"Xtra","slug":"xtra-100g-tummasuklaa","isAgeLimitedByAlcohol":false,"frozen":false,"packagingLabels":[],"packagingLabelCodes":[],"hierarchyPath":[{"id":"Herkku_00000334","name":"Suklaalevyt","slug":"makeiset-ja-naposteltavat-1/suklaat/suklaalevyt","__typename":"HierarchyPathItem"},{"id":"Herkku_00000060","name":"Suklaat","slug":"makeiset-ja-naposteltavat-1/suklaat","__typename":"HierarchyPathItem"},{"id":"Herkku_00000009","name":"Makeiset ja naposteltavat","slug":"makeiset-ja-naposteltavat-1","__typename":"HierarchyPathItem"}],"isGlobalFallback":null,"countryName":{"fi":"Ranska","__typename":"CountryName"}},{"id":"7340191100749","ean":"7340191100749","name":"Xtra 100g maitosuklaa UTZ","price":0.95,"storeId":725782447,"__typename":"Product","approxPrice":false,"basicQuantityUnit":"KPL","comparisonPrice":9.5,"comparisonUnit":"KGM","consumerPackageSize":null,"consumerPackageUnit":null,"priceUnit":"KPL","quantityMultiplier":1,"brandName":"Xtra","slug":"xtra-100g-maitosuklaa-utz","isAgeLimitedByAlcohol":false,"frozen":false,"packagingLabels":[],"packagingLabelCodes":[],"hierarchyPath":[{"id":"Herkku_00000334","name":"Suklaalevyt","slug":"makeiset-ja-naposteltavat-1/suklaat/suklaalevyt","__typename":"HierarchyPathItem"},{"id":"Herkku_00000060","name":"Suklaat","slug":"makeiset-ja-naposteltavat-1/suklaat","__typename":"HierarchyPathItem"},{"id":"Herkku_00000009","name":"Makeiset ja naposteltavat","slug":"makeiset-ja-naposteltavat-1","__typename":"HierarchyPathItem"}],"isGlobalFallback":null,"countryName":{"fi":"Ranska","__typename":"CountryName"}},{"id":"7340191101593","ean":"7340191101593","name":"Rainbow Varsiterä 5 kpl","price":1.95,"storeId":725782447,"__typename":"Product","approxPrice":false,"basicQuantityUnit":"KPL","comparisonPrice":0.39,"comparisonUnit":"PCE","consumerPackageSize":null,"consumerPackageUnit":null,"priceUnit":"KPL","quantityMultiplier":1,"brandName":"Rainbow","slug":"rainbow-varsitera-5-kpl","isAgeLimitedByAlcohol":false,"frozen":false,"packagingLabels":[],"packagingLabelCodes":[],"hierarchyPath":[{"id":"1591691233375131","name":"Karvanpoistovälineet ja höylät","slug":"kosmetiikka-ja-hygienia/ihonhoito/karvanpoistovalineet-ja-hoylat","__typename":"HierarchyPathItem"},{"id":"1591691233375123","name":"Ihonhoito","slug":"kosmetiikka-ja-hygienia/ihonhoito","__typename":"HierarchyPathItem"},{"id":"1591691233334707","name":"Kosmetiikka ja hygienia","slug":"kosmetiikka-ja-hygienia","__typename":"HierarchyPathItem"}],"isGlobalFallback":null,"countryName":{"fi":"Kiina","__typename":"CountryName"}},{"id":"7340191102583","ean":"7340191102583","name":"Rainbow 250g tomusokeri","price":0.75,"storeId":725782447,"__typename":"Product","approxPrice":false,"basicQuantityUnit":"KPL","comparisonPrice":3,"comparisonUnit":"KGM","consumerPackageSize":null,"consumerPackageUnit":null,"priceUnit":"KPL","quantityMultiplier":1,"brandName":"Rainbow","slug":"rainbow-250g-tomusokeri","isAgeLimitedByAlcohol":false,"frozen":false,"packagingLabels":[],"packagingLabelCodes":[],"hierarchyPath":[{"id":"Herkku_00000449","name":"Sokerit","slug":"kuivatuotteet-ja-leivonta-1/sokerit-makeutusaineet-ja-hunaja/sokerit","__typename":"HierarchyPathItem"},{"id":"Herkku_00000084","name":"Sokerit, makeutusaineet ja hunaja","slug":"kuivatuotteet-ja-leivonta-1/sokerit-makeutusaineet-ja-hunaja","__typename":"HierarchyPathItem"},{"id":"Herkku_00000007","name":"Kuivatuotteet ja leivonta","slug":"kuivatuotteet-ja-leivonta-1","__typename":"HierarchyPathItem"}],"isGlobalFallback":null,"countryName":{"fi":"Saksa","__typename":"CountryName"}},{"id":"7340191102897","ean":"7340191102897","name":"Rainbow lohi-taimentikku kissalle 5kpl","price":0.99,"storeId":725782447,"__typename":"Product","approxPrice":false,"basicQuantityUnit":"KPL","comparisonPrice":39.6,"comparisonUnit":"KGM","consumerPackageSize":null,"consumerPackageUnit":null,"priceUnit":"KPL","quantityMultiplier":1,"brandName":"Rainbow","slug":"rainbow-lohi-taimentikku-kissalle-5kpl","isAgeLimitedByAlcohol":false,"frozen":false,"packagingLabels":[],"packagingLabelCodes":[],"hierarchyPath":[{"id":"Herkku_00000534","name":"Kissan makupalat","slug":"lemmikit-1/kissanruoat/kissan-makupalat","__typename":"HierarchyPathItem"},{"id":"Herkku_00000101","name":"Kissanruoat","slug":"lemmikit-1/kissanruoat","__typename":"HierarchyPathItem"},{"id":"Herkku_00000012","name":"Lemmikit","slug":"lemmikit-1","__typename":"HierarchyPathItem"}],"isGlobalFallback":null,"countryName":{"fi":"Itävalta","__typename":"CountryName"}},{"id":"7340191102903","ean":"7340191102903","name":"Rainbow koiran lihatikku 5 kpl 55 g","price":1.1,"storeId":725782447,"__typename":"Product","approxPrice":false,"basicQuantityUnit":"KPL","comparisonPrice":20,"comparisonUnit":"KGM","consumerPackageSize":null,"consumerPackageUnit":null,"priceUnit":"KPL","quantityMultiplier":1,"brandName":"Rainbow","slug":"rainbow-koiran-lihatikku-5-kpl-55-g","isAgeLimitedByAlcohol":false,"frozen":false,"packagingLabels":[],"packagingLabelCodes":[],"hierarchyPath":[{"id":"Herkku_00000540","name":"Koiran ajanvietetuotteet ja makupalat","slug":"lemmikit-1/koiranruoat/koiran-ajanvietetuotteet-ja-makupalat","__typename":"HierarchyPathItem"},{"id":"Herkku_00000102","name":"Koiranruoat","slug":"lemmikit-1/koiranruoat","__typename":"HierarchyPathItem"},{"id":"Herkku_00000012","name":"Lemmikit","slug":"lemmikit-1","__typename":"HierarchyPathItem"}],"isGlobalFallback":null,"countryName":{"fi":"Itävalta","__typename":"CountryName"}},{"id":"7340191103740","ean":"7340191103740","name":"Xtra Havarti viipaleina 27% rasvaa 100g","price":1.59,"storeId":725782447,"__typename":"Product","approxPrice":false,"basicQuantityUnit":"KPL","comparisonPrice":15.9,"comparisonUnit":"KGM","consumerPackageSize":null,"consumerPackageUnit":null,"priceUnit":"KPL","quantityMultiplier":1,"brandName":"Xtra","slug":"xtra-havarti-viipaleina-27-rasvaa-100g","isAgeLimitedByAlcohol":false,"frozen":false,"packagingLabels":[],"packagingLabelCodes":[],"hierarchyPath":[{"id":"1591691244827921","name":"Kermajuustot","slug":"juustot-0/pala-ja-viipalejuustot/kermajuustot","__typename":"HierarchyPathItem"},{"id":"1591691244827914","name":"Pala- ja viipalejuustot","slug":"juustot-0/pala-ja-viipalejuustot","__typename":"HierarchyPathItem"},{"id":"Herkku_00000003","name":"Juustot","slug":"juustot-0","__typename":"HierarchyPathItem"}],"isGlobalFallback":null,"countryName":{"fi":"Alankomaat","__typename":"CountryName"}},{"id":"7340191104655","ean":"7340191104655","name":"Rainbow 600g BBQ ristikkoperunat","price":2.6,"storeId":725782447,"__typename":"Product","approxPrice":false,"basicQuantityUnit":"KPL","comparisonPrice":4.33,"comparisonUnit":"KGM","consumerPackageSize":null,"consumerPackageUnit":null,"priceUnit":"KPL","quantityMultiplier":1,"brandName":"Rainbow","slug":"rainbow-600g-bbq-ristikkoperunat","isAgeLimitedByAlcohol":false,"frozen":true,"packagingLabels":[],"packagingLabelCodes":[],"hierarchyPath":[{"id":"1591691225905781","name":"Perunasoseet ja muut perunapakasteet","slug":"pakasteet-1/perunapakasteet/perunasoseet-ja-muut-perunapakasteet","__typename":"HierarchyPathItem"},{"id":"Herkku_00000128","name":"Perunapakasteet","slug":"pakasteet-1/perunapakasteet","__typename":"HierarchyPathItem"},{"id":"Herkku_00000013","name":"Pakasteet","slug":"pakasteet-1","__typename":"HierarchyPathItem"}],"isGlobalFallback":null,"countryName":{"fi":"Belgia","__typename":"CountryName"}},{"id":"7340191105096","ean":"7340191105096","name":"Xtra 400g hunaja","price":3.29,"storeId":725782447,"__typename":"Product","approxPrice":false,"basicQuantityUnit":"KPL","comparisonPrice":8.23,"comparisonUnit":"KGM","consumerPackageSize":null,"consumerPackageUnit":null,"priceUnit":"KPL","quantityMultiplier":1,"brandName":"Xtra","slug":"xtra-400g-hunaja","isAgeLimitedByAlcohol":false,"frozen":false,"packagingLabels":[],"packagingLabelCodes":[],"hierarchyPath":[{"id":"Herkku_00000448","name":"Hunajat","slug":"kuivatuotteet-ja-leivonta-1/sokerit-makeutusaineet-ja-hunaja/hunajat","__typename":"HierarchyPathItem"},{"id":"Herkku_00000084","name":"Sokerit, makeutusaineet ja hunaja","slug":"kuivatuotteet-ja-leivonta-1/sokerit-makeutusaineet-ja-hunaja","__typename":"HierarchyPathItem"},{"id":"Herkku_00000007","name":"Kuivatuotteet ja leivonta","slug":"kuivatuotteet-ja-leivonta-1","__typename":"HierarchyPathItem"}],"isGlobalFallback":null,"countryName":{"fi":"Ukraina","__typename":"CountryName"}},{"id":"7340191105201","ean":"7340191105201","name":"Rainbow 125g Makrillifileitä tomaattikastikkeessa","price":1.69,"storeId":725782447,"__typename":"Product","approxPrice":false,"basicQuantityUnit":"KPL","comparisonPrice":13.52,"comparisonUnit":"KGM","consumerPackageSize":null,"consumerPackageUnit":null,"priceUnit":"KPL","quantityMultiplier":1,"brandName":"Rainbow","slug":"rainbow-125g-makrillifileita-tomaattikastikkeessa","isAgeLimitedByAlcohol":false,"frozen":false,"packagingLabels":[],"packagingLabelCodes":[],"hierarchyPath":[{"id":"Herkku_00000352","name":"Kala- ja äyriäissäilykkeet","slug":"kuivatuotteet-ja-leivonta-1/sailykkeet/kala-ja-ayriaissailykkeet","__typename":"HierarchyPathItem"},{"id":"Herkku_00000063","name":"Säilykkeet","slug":"kuivatuotteet-ja-leivonta-1/sailykkeet","__typename":"HierarchyPathItem"},{"id":"Herkku_00000007","name":"Kuivatuotteet ja leivonta","slug":"kuivatuotteet-ja-leivonta-1","__typename":"HierarchyPathItem"}],"isGlobalFallback":null,"countryName":{"fi":"Latvia","__typename":"CountryName"}},{"id":"7340191105744","ean":"7340191105744","name":"Rainbow 135g tacokuoret","price":1.59,"storeId":725782447,"__typename":"Product","approxPrice":false,"basicQuantityUnit":"KPL","comparisonPrice":11.78,"comparisonUnit":"KGM","consumerPackageSize":null,"consumerPackageUnit":null,"priceUnit":"KPL","quantityMultiplier":1,"brandName":"Rainbow","slug":"rainbow-135g-tacokuoret","isAgeLimitedByAlcohol":false,"frozen":false,"packagingLabels":[],"packagingLabelCodes":[],"hierarchyPath":[{"id":"Herkku_00000464","name":"Kuoret, tortillat ja dinnerit","slug":"oljyt-mausteet-maustaminen-1/tex-mex/kuoret-tortillat-ja-dinnerit","__typename":"HierarchyPathItem"},{"id":"StructureGroup_198285814629","name":"Tex mex","slug":"oljyt-mausteet-maustaminen-1/tex-mex","__typename":"HierarchyPathItem"},{"id":"Herkku_00000011","name":"Öljyt, mausteet, maustaminen","slug":"oljyt-mausteet-maustaminen-1","__typename":"HierarchyPathItem"}],"isGlobalFallback":null,"countryName":{"fi":"Belgia","__typename":"CountryName"}},{"id":"7340191106420","ean":"7340191106420","name":"Xtra 500g suodatinkahvi keskipaahtoinen","price":3.29,"storeId":725782447,"__typename":"Product","approxPrice":false,"basicQuantityUnit":"KPL","comparisonPrice":6.58,"comparisonUnit":"KGM","consumerPackageSize":null,"consumerPackageUnit":null,"priceUnit":"KPL","quantityMultiplier":1,"brandName":"Xtra","slug":"xtra-500g-suodatinkahvi-keskipaahtoinen","isAgeLimitedByAlcohol":false,"frozen":false,"packagingLabels":[],"packagingLabelCodes":[],"hierarchyPath":[{"id":"1591691224561855","name":"Kahvit","slug":"juomat-1/kahvit-ja-suodatinpaperit/kahvit","__typename":"HierarchyPathItem"},{"id":"Herkku_00000089","name":"Kahvit ja suodatinpaperit","slug":"juomat-1/kahvit-ja-suodatinpaperit","__typename":"HierarchyPathItem"},{"id":"Herkku_00000005","name":"Juomat","slug":"juomat-1","__typename":"HierarchyPathItem"}],"isGlobalFallback":null,"countryName":{"fi":"Vietnam","__typename":"CountryName"}},{"id":"7340191107175","ean":"7340191107175","name":"Rainbow salaattijuustokuutiot yrttiöljyssä 120g","price":2.45,"storeId":725782447,"__typename":"Product","approxPrice":false,"basicQuantityUnit":"KPL","comparisonPrice":20.42,"comparisonUnit":"KGM","consumerPackageSize":null,"consumerPackageUnit":null,"priceUnit":"KPL","quantityMultiplier":1,"brandName":"Rainbow","slug":"rainbow-salaattijuustokuutiot-yrttioljyssa-120g","isAgeLimitedByAlcohol":false,"frozen":false,"packagingLabels":[],"packagingLabelCodes":[],"hierarchyPath":[{"id":"1591691244827925","name":"Feta- ja salaattijuustot","slug":"juustot-0/ruoka-ja-herkuttelujuustot/feta-ja-salaattijuustot","__typename":"HierarchyPathItem"},{"id":"1591691244827915","name":"Ruoka- ja herkuttelujuustot","slug":"juustot-0/ruoka-ja-herkuttelujuustot","__typename":"HierarchyPathItem"},{"id":"Herkku_00000003","name":"Juustot","slug":"juustot-0","__typename":"HierarchyPathItem"}],"isGlobalFallback":null,"countryName":{"fi":"Saksa","__typename":"CountryName"}},{"id":"7340191107304","ean":"7340191107304","name":"Mehustamo inkivääri shot 60ml","price":1.65,"storeId":725782447,"__typename":"Product","approxPrice":false,"basicQuantityUnit":"KPL","comparisonPrice":27.5,"comparisonUnit":"LTR","consumerPackageSize":null,"consumerPackageUnit":null,"priceUnit":"KPL","quantityMultiplier":1,"brandName":"Mehustamo","slug":"mehustamo-inkivaari-shot-60ml","isAgeLimitedByAlcohol":false,"frozen":false,"packagingLabels":[],"packagingLabelCodes":[],"hierarchyPath":[{"id":"Herkku_00000658","name":"Muut hedelmämehut","slug":"juomat-1/mehut/muut-hedelmamehut","__typename":"HierarchyPathItem"},{"id":"Herkku_00000120","name":"Mehut","slug":"juomat-1/mehut","__typename":"HierarchyPathItem"},{"id":"Herkku_00000005","name":"Juomat","slug":"juomat-1","__typename":"HierarchyPathItem"}],"isGlobalFallback":null,"countryName":{"fi":"Alankomaat","__typename":"CountryName"}},{"id":"7340191108714","ean":"7340191108714","name":"Rainbow 100g krutonki oliivi ja merisuola","price":2.19,"storeId":725782447,"__typename":"Product","approxPrice":false,"basicQuantityUnit":"KPL","comparisonPrice":21.9,"comparisonUnit":"KGM","consumerPackageSize":null,"consumerPackageUnit":null,"priceUnit":"KPL","quantityMultiplier":1,"brandName":"Rainbow","slug":"rainbow-100g-krutonki-oliivi-ja-merisuola","isAgeLimitedByAlcohol":false,"frozen":false,"packagingLabels":[],"packagingLabelCodes":[],"hierarchyPath":[{"id":"Herkku_00000311","name":"Krutongit","slug":"leivat-keksit-ja-leivonnaiset-1/nakkileivat-ja-hapankorput/krutongit","__typename":"HierarchyPathItem"},{"id":"Herkku_00000052","name":"Näkkileivät ja hapankorput","slug":"leivat-keksit-ja-leivonnaiset-1/nakkileivat-ja-hapankorput","__typename":"HierarchyPathItem"},{"id":"Herkku_00000008","name":"Leivät, keksit ja leivonnaiset","slug":"leivat-keksit-ja-leivonnaiset-1","__typename":"HierarchyPathItem"}],"isGlobalFallback":null,"countryName":{"fi":"Italia","__typename":"CountryName"}},{"id":"7340191108738","ean":"7340191108738","name":"Rainbow B-vitamiiniporetabletti appelsiinin- ja aprikoosinmakuinen ravintolisä 20kpl/80g","price":1.95,"storeId":725782447,"__typename":"Product","approxPrice":false,"basicQuantityUnit":"KPL","comparisonPrice":0.1,"comparisonUnit":"PCE","consumerPackageSize":null,"consumerPackageUnit":null,"priceUnit":"KPL","quantityMultiplier":1,"brandName":"Rainbow","slug":"rainbow-b-vitamiiniporetabletti-appelsiinin-ja-aprikoosinmakuinen-ravintolisa-20kpl80g","isAgeLimitedByAlcohol":false,"frozen":false,"packagingLabels":[],"packagingLabelCodes":[],"hierarchyPath":[{"id":"Herkku_00001043","name":"B-vitamiinit","slug":"luontaistuotteet-ja-lisaravinteet-1/vitamiinit/b-vitamiinit","__typename":"HierarchyPathItem"},{"id":"Herkku_00000177","name":"Vitamiinit","slug":"luontaistuotteet-ja-lisaravinteet-1/vitamiinit","__typename":"HierarchyPathItem"},{"id":"Herkku_00000016","name":"Luontaistuotteet ja lisäravinteet","slug":"luontaistuotteet-ja-lisaravinteet-1","__typename":"HierarchyPathItem"}],"isGlobalFallback":null,"countryName":{"fi":"Unkari","__typename":"CountryName"}},{"id":"7340191109032","ean":"7340191109032","name":"Rainbow melatoniinivalmiste 1,9mg ravintolisä 60kpl/25,8g","price":5.95,"storeId":725782447,"__typename":"Product","approxPrice":false,"basicQuantityUnit":"KPL","comparisonPrice":0.1,"comparisonUnit":"PCE","consumerPackageSize":null,"consumerPackageUnit":null,"priceUnit":"KPL","quantityMultiplier":1,"brandName":"Rainbow","slug":"rainbow-melatoniinivalmiste-1-9mg-ravintolisa-60kpl25-8g","isAgeLimitedByAlcohol":false,"frozen":false,"packagingLabels":[],"packagingLabelCodes":[],"hierarchyPath":[{"id":"Herkku_00001026","name":"Melatoniinit","slug":"luontaistuotteet-ja-lisaravinteet-1/erityisvalmisteet/melatoniinit","__typename":"HierarchyPathItem"},{"id":"Herkku_00000175","name":"Erityisvalmisteet","slug":"luontaistuotteet-ja-lisaravinteet-1/erityisvalmisteet","__typename":"HierarchyPathItem"},{"id":"Herkku_00000016","name":"Luontaistuotteet ja lisäravinteet","slug":"luontaistuotteet-ja-lisaravinteet-1","__typename":"HierarchyPathItem"}],"isGlobalFallback":null,"countryName":{"fi":"Unkari","__typename":"CountryName"}},{"id":"7340191109803","ean":"7340191109803","name":"Alepa muovikassi keltainen","price":0.25,"storeId":725782447,"__typename":"Product","approxPrice":false,"basicQuantityUnit":"KPL","comparisonPrice":0.25,"comparisonUnit":"PCE","consumerPackageSize":null,"consumerPackageUnit":null,"priceUnit":"KPL","quantityMultiplier":1,"brandName":"Alepa","slug":"alepa-muovikassi-keltainen","isAgeLimitedByAlcohol":false,"frozen":false,"packagingLabels":[],"packagingLabelCodes":[],"hierarchyPath":[{"id":"1591691250222298","name":"Kassit","slug":"koti-ja-vapaa-aika/kassit/kassit","__typename":"HierarchyPathItem"},{"id":"Herkku_00000142","name":"Kassit","slug":"koti-ja-vapaa-aika/kassit","__typename":"HierarchyPathItem"},{"id":"Herkku_00000002","name":"Koti ja vapaa-aika","slug":"koti-ja-vapaa-aika","__typename":"HierarchyPathItem"}],"isGlobalFallback":null,"countryName":{"fi":"Suomi","__typename":"CountryName"}},{"id":"7340191110083","ean":"7340191110083","name":"Rainbow Kaakao 250g","price":2.65,"storeId":725782447,"__typename":"Product","approxPrice":false,"basicQuantityUnit":"KPL","comparisonPrice":10.6,"comparisonUnit":"KGM","consumerPackageSize":null,"consumerPackageUnit":null,"priceUnit":"KPL","quantityMultiplier":1,"brandName":"Rainbow","slug":"rainbow-kaakao-250g","isAgeLimitedByAlcohol":false,"frozen":false,"packagingLabels":[],"packagingLabelCodes":[],"hierarchyPath":[{"id":"Herkku_00000511","name":"Kaakaojauheet","slug":"juomat-1/kaakaot/kaakaojauheet","__typename":"HierarchyPathItem"},{"id":"Herkku_00000090","name":"Kaakaot","slug":"juomat-1/kaakaot","__typename":"HierarchyPathItem"},{"id":"Herkku_00000005","name":"Juomat","slug":"juomat-1","__typename":"HierarchyPathItem"}],"isGlobalFallback":null,"countryName":{"fi":"Norja","__typename":"CountryName"}},{"id":"7340191110847","ean":"7340191110847","name":"Rainbow Eco lautanen 15cm 50kpl","price":2.99,"storeId":725782447,"__typename":"Product","approxPrice":false,"basicQuantityUnit":"KPL","comparisonPrice":0.06,"comparisonUnit":"PCE","consumerPackageSize":null,"consumerPackageUnit":null,"priceUnit":"KPL","quantityMultiplier":1,"brandName":"Rainbow","slug":"rainbow-eco-lautanen-15cm-50kpl","isAgeLimitedByAlcohol":false,"frozen":false,"packagingLabels":[],"packagingLabelCodes":[],"hierarchyPath":[{"id":"1591691234089640","name":"Kertakäyttöastiat","slug":"keittio-ja-kattaus/kattaustarvikkeet/kertakayttoastiat","__typename":"HierarchyPathItem"},{"id":"1591691234089638","name":"Kattaustarvikkeet","slug":"keittio-ja-kattaus/kattaustarvikkeet","__typename":"HierarchyPathItem"},{"id":"1591691234054950","name":"Keittiö ja kattaus","slug":"keittio-ja-kattaus","__typename":"HierarchyPathItem"}],"isGlobalFallback":null,"countryName":{"fi":"Suomi","__typename":"CountryName"}},{"id":"7340191111011","ean":"7340191111011","name":"Rainbow eco bio muovilasi 10kpl","price":2.65,"storeId":725782447,"__typename":"Product","approxPrice":false,"basicQuantityUnit":"KPL","comparisonPrice":0.27,"comparisonUnit":"PCE","consumerPackageSize":null,"consumerPackageUnit":null,"priceUnit":"KPL","quantityMultiplier":1,"brandName":"Rainbow","slug":"rainbow-eco-bio-muovilasi-10kpl","isAgeLimitedByAlcohol":false,"frozen":false,"packagingLabels":[],"packagingLabelCodes":[],"hierarchyPath":null,"isGlobalFallback":null,"countryName":{"fi":"Saksa","__typename":"CountryName"}},{"id":"7340191111028","ean":"7340191111028","name":"Rainbow 50x175ml kahvikuppi PEFC Swan","price":2.85,"storeId":725782447,"__typename":"Product","approxPrice":false,"basicQuantityUnit":"KPL","comparisonPrice":0.06,"comparisonUnit":"PCE","consumerPackageSize":null,"consumerPackageUnit":null,"priceUnit":"KPL","quantityMultiplier":1,"brandName":"Rainbow","slug":"rainbow-50x175ml-kahvikuppi-pefc-swan","isAgeLimitedByAlcohol":false,"frozen":false,"packagingLabels":["Pohjoismainen ympäristömerkki (Joutsen)"],"packagingLabelCodes":["SVANEN"],"hierarchyPath":[{"id":"1591691234089641","name":"Kertakäyttömukit","slug":"keittio-ja-kattaus/kattaustarvikkeet/kertakayttomukit","__typename":"HierarchyPathItem"},{"id":"1591691234089638","name":"Kattaustarvikkeet","slug":"keittio-ja-kattaus/kattaustarvikkeet","__typename":"HierarchyPathItem"},{"id":"1591691234054950","name":"Keittiö ja kattaus","slug":"keittio-ja-kattaus","__typename":"HierarchyPathItem"}],"isGlobalFallback":null,"countryName":{"fi":"Suomi","__typename":"CountryName"}},{"id":"7340191111059","ean":"7340191111059","name":"Rainbow Eco syvä lautanen 350ml 25kpl","price":3.69,"storeId":725782447,"__typename":"Product","approxPrice":false,"basicQuantityUnit":"KPL","comparisonPrice":0.15,"comparisonUnit":"PCE","consumerPackageSize":null,"consumerPackageUnit":null,"priceUnit":"KPL","quantityMultiplier":1,"brandName":"Rainbow","slug":"rainbow-eco-syva-lautanen-350ml-25kpl","isAgeLimitedByAlcohol":false,"frozen":false,"packagingLabels":["Avainlippu"," PEFC certified"," Pohjoismainen ympäristömerkki (Joutsen)"],"packagingLabelCodes":["MADE_IN_FINLAND_FLAG_WITH_KEY"," PEFC_CERTIFIED"," SVANEN"],"hierarchyPath":[{"id":"1591691234089640","name":"Kertakäyttöastiat","slug":"keittio-ja-kattaus/kattaustarvikkeet/kertakayttoastiat","__typename":"HierarchyPathItem"},{"id":"1591691234089638","name":"Kattaustarvikkeet","slug":"keittio-ja-kattaus/kattaustarvikkeet","__typename":"HierarchyPathItem"},{"id":"1591691234054950","name":"Keittiö ja kattaus","slug":"keittio-ja-kattaus","__typename":"HierarchyPathItem"}],"isGlobalFallback":null,"countryName":{"fi":"Suomi","__typename":"CountryName"}},{"id":"7340191111868","ean":"7340191111868","name":"Rainbow Vanilla maitokahvijuoma 250ml","price":1.55,"storeId":725782447,"__typename":"Product","approxPrice":false,"basicQuantityUnit":"KPL","comparisonPrice":6.2,"comparisonUnit":"LTR","consumerPackageSize":null,"consumerPackageUnit":null,"priceUnit":"KPL","quantityMultiplier":1,"brandName":"Rainbow","slug":"rainbow-vanilla-maitokahvijuoma-250ml","isAgeLimitedByAlcohol":false,"frozen":false,"packagingLabels":[],"packagingLabelCodes":[],"hierarchyPath":[{"id":"Herkku_00000502","name":"Valmiit kahvijuomat","slug":"juomat-1/kahvit-ja-suodatinpaperit/valmiit-kahvijuomat","__typename":"HierarchyPathItem"},{"id":"Herkku_00000089","name":"Kahvit ja suodatinpaperit","slug":"juomat-1/kahvit-ja-suodatinpaperit","__typename":"HierarchyPathItem"},{"id":"Herkku_00000005","name":"Juomat","slug":"juomat-1","__typename":"HierarchyPathItem"}],"isGlobalFallback":null,"countryName":{"fi":"Belgia","__typename":"CountryName"}},{"id":"7340191112131","ean":"7340191112131","name":"Rainbow Käsien desinfiointigeeli 250 ml","price":3.39,"storeId":725782447,"__typename":"Product","approxPrice":false,"basicQuantityUnit":"KPL","comparisonPrice":13.56,"comparisonUnit":"LTR","consumerPackageSize":null,"consumerPackageUnit":null,"priceUnit":"KPL","quantityMultiplier":1,"brandName":"Rainbow","slug":"rainbow-kasien-desinfiointigeeli-250-ml","isAgeLimitedByAlcohol":false,"frozen":false,"packagingLabels":[],"packagingLabelCodes":[],"hierarchyPath":[{"id":"1591691233571282","name":"Laastarit ja haavanhoitotuotteet","slug":"kosmetiikka-ja-hygienia/intiimihygienia-ja-intiimituotteet/laastarit-ja-haavanhoitotuotteet","__typename":"HierarchyPathItem"},{"id":"1591691233571247","name":"Intiimihygienia ja intiimituotteet","slug":"kosmetiikka-ja-hygienia/intiimihygienia-ja-intiimituotteet","__typename":"HierarchyPathItem"},{"id":"1591691233334707","name":"Kosmetiikka ja hygienia","slug":"kosmetiikka-ja-hygienia","__typename":"HierarchyPathItem"}],"isGlobalFallback":null,"countryName":{"fi":"Tanska","__typename":"CountryName"}},{"id":"7340191113039","ean":"7340191113039","name":"Rainbow 20g liivatelehti","price":1.35,"storeId":725782447,"__typename":"Product","approxPrice":false,"basicQuantityUnit":"KPL","comparisonPrice":67.5,"comparisonUnit":"KGM","consumerPackageSize":null,"consumerPackageUnit":null,"priceUnit":"KPL","quantityMultiplier":1,"brandName":"Rainbow","slug":"rainbow-20g-liivatelehti","isAgeLimitedByAlcohol":false,"frozen":false,"packagingLabels":[],"packagingLabelCodes":[],"hierarchyPath":[{"id":"Herkku_00000407","name":"Leivontaperustuotteet","slug":"kuivatuotteet-ja-leivonta-1/leivontatarvikkeet/leivontaperustuotteet","__typename":"HierarchyPathItem"},{"id":"Herkku_00000072","name":"Leivontatarvikkeet","slug":"kuivatuotteet-ja-leivonta-1/leivontatarvikkeet","__typename":"HierarchyPathItem"},{"id":"Herkku_00000007","name":"Kuivatuotteet ja leivonta","slug":"kuivatuotteet-ja-leivonta-1","__typename":"HierarchyPathItem"}],"isGlobalFallback":null,"countryName":{"fi":"Saksa","__typename":"CountryName"}},{"id":"7340191113374","ean":"7340191113374","name":"Rainbow 455ml Sriracha tulinen chilikastike","price":3.69,"storeId":725782447,"__typename":"Product","approxPrice":false,"basicQuantityUnit":"KPL","comparisonPrice":8.11,"comparisonUnit":"LTR","consumerPackageSize":null,"consumerPackageUnit":null,"priceUnit":"KPL","quantityMultiplier":1,"brandName":"Rainbow","slug":"rainbow-455ml-sriracha-tulinen-chilikastike","isAgeLimitedByAlcohol":false,"frozen":false,"packagingLabels":[],"packagingLabelCodes":[],"hierarchyPath":[{"id":"Herkku_00000431","name":"Chilikastikkeet","slug":"oljyt-mausteet-maustaminen-1/maustekastikkeet-ja-tahnat/chilikastikkeet","__typename":"HierarchyPathItem"},{"id":"Herkku_00000078","name":"Maustekastikkeet ja tahnat","slug":"oljyt-mausteet-maustaminen-1/maustekastikkeet-ja-tahnat","__typename":"HierarchyPathItem"},{"id":"Herkku_00000011","name":"Öljyt, mausteet, maustaminen","slug":"oljyt-mausteet-maustaminen-1","__typename":"HierarchyPathItem"}],"isGlobalFallback":null,"countryName":{"fi":"Thaimaa","__typename":"CountryName"}},{"id":"7340191113749","ean":"7340191113749","name":"Rainbow 400g kuorelliset lohkoperunat pakaste","price":1.75,"storeId":725782447,"__typename":"Product","approxPrice":false,"basicQuantityUnit":"KPL","comparisonPrice":4.38,"comparisonUnit":"KGM","consumerPackageSize":null,"consumerPackageUnit":null,"priceUnit":"KPL","quantityMultiplier":1,"brandName":"Rainbow","slug":"rainbow-400g-kuorelliset-lohkoperunat-pakaste","isAgeLimitedByAlcohol":false,"frozen":true,"packagingLabels":[],"packagingLabelCodes":[],"hierarchyPath":[{"id":"1591691225905752","name":"Ranskalaiset perunat ja lohkoperunat","slug":"pakasteet-1/perunapakasteet/ranskalaiset-perunat-ja-lohkoperunat","__typename":"HierarchyPathItem"},{"id":"Herkku_00000128","name":"Perunapakasteet","slug":"pakasteet-1/perunapakasteet","__typename":"HierarchyPathItem"},{"id":"Herkku_00000013","name":"Pakasteet","slug":"pakasteet-1","__typename":"HierarchyPathItem"}],"isGlobalFallback":null,"countryName":{"fi":"Belgia","__typename":"CountryName"}},{"id":"7340191114470","ean":"7340191114470","name":"Xtra Normaali side siivetön 20 kpl","price":1.15,"storeId":725782447,"__typename":"Product","approxPrice":false,"basicQuantityUnit":"KPL","comparisonPrice":0.06,"comparisonUnit":"PCE","consumerPackageSize":null,"consumerPackageUnit":null,"priceUnit":"KPL","quantityMultiplier":1,"brandName":"Xtra","slug":"xtra-normaali-side-siiveton-20-kpl","isAgeLimitedByAlcohol":false,"frozen":false,"packagingLabels":[],"packagingLabelCodes":[],"hierarchyPath":[{"id":"1591691233571265","name":"Siteet","slug":"kosmetiikka-ja-hygienia/intiimihygienia-ja-intiimituotteet/siteet","__typename":"HierarchyPathItem"},{"id":"1591691233571247","name":"Intiimihygienia ja intiimituotteet","slug":"kosmetiikka-ja-hygienia/intiimihygienia-ja-intiimituotteet","__typename":"HierarchyPathItem"},{"id":"1591691233334707","name":"Kosmetiikka ja hygienia","slug":"kosmetiikka-ja-hygienia","__typename":"HierarchyPathItem"}],"isGlobalFallback":null,"countryName":{"fi":"Puola","__typename":"CountryName"}},{"id":"7340191116726","ean":"7340191116726","name":"Änglamark liivinsuoja teipeillä valkoinen 50 kpl","price":2.79,"storeId":725782447,"__typename":"Product","approxPrice":false,"basicQuantityUnit":"KPL","comparisonPrice":0.06,"comparisonUnit":"PCE","consumerPackageSize":null,"consumerPackageUnit":null,"priceUnit":"KPL","quantityMultiplier":1,"brandName":"Änglamark","slug":"anglamark-liivinsuoja-teipeilla-valkoinen-50-kpl","isAgeLimitedByAlcohol":false,"frozen":false,"packagingLabels":["Pohjoismainen ympäristömerkki (Joutsen)"],"packagingLabelCodes":["SVANEN"],"hierarchyPath":[{"id":"1591691232339331","name":"Vauvanhoitotarvikkeet","slug":"lapset-1/puhdistus-ja-hygienia/vauvanhoitotarvikkeet","__typename":"HierarchyPathItem"},{"id":"1591691232339326","name":"Puhdistus ja hygienia","slug":"lapset-1/puhdistus-ja-hygienia","__typename":"HierarchyPathItem"},{"id":"Herkku_00000010","name":"Lapset","slug":"lapset-1","__typename":"HierarchyPathItem"}],"isGlobalFallback":null,"countryName":{"fi":"Saksa","__typename":"CountryName"}},{"id":"7340191117266","ean":"7340191117266","name":"Änglamark hasselpähkinä luomu 100 g","price":1.89,"storeId":725782447,"__typename":"Product","approxPrice":false,"basicQuantityUnit":"KPL","comparisonPrice":18.9,"comparisonUnit":"KGM","consumerPackageSize":null,"consumerPackageUnit":null,"priceUnit":"KPL","quantityMultiplier":1,"brandName":"Änglamark","slug":"anglamark-hasselpahkina-luomu-100-g","isAgeLimitedByAlcohol":false,"frozen":false,"packagingLabels":["EU:n luomutunnus (lehti)"],"packagingLabelCodes":["EU_ORGANIC_FARMING"],"hierarchyPath":[{"id":"Herkku_00000305","name":"Pähkinät","slug":"kuivatuotteet-ja-leivonta-1/siemenet-pahkinat-ja-kuivatut-hedelmat/pahkinat","__typename":"HierarchyPathItem"},{"id":"Herkku_00000050","name":"Siemenet, pähkinät ja kuivatut hedelmät","slug":"kuivatuotteet-ja-leivonta-1/siemenet-pahkinat-ja-kuivatut-hedelmat","__typename":"HierarchyPathItem"},{"id":"Herkku_00000007","name":"Kuivatuotteet ja leivonta","slug":"kuivatuotteet-ja-leivonta-1","__typename":"HierarchyPathItem"}],"isGlobalFallback":null,"countryName":{"fi":"Turkki","__typename":"CountryName"}},{"id":"7340191118973","ean":"7340191118973","name":"Rainbow mustapippuri tuorejuusto 125 g","price":1.59,"storeId":725782447,"__typename":"Product","approxPrice":false,"basicQuantityUnit":"KPL","comparisonPrice":12.72,"comparisonUnit":"KGM","consumerPackageSize":null,"consumerPackageUnit":null,"priceUnit":"KPL","quantityMultiplier":1,"brandName":"Rainbow","slug":"rainbow-mustapippuri-tuorejuusto-125-g","isAgeLimitedByAlcohol":false,"frozen":false,"packagingLabels":[],"packagingLabelCodes":[],"hierarchyPath":[{"id":"1591691244878258","name":"Levitettävät juustot","slug":"juustot-0/ruoka-ja-herkuttelujuustot/levitettavat-juustot","__typename":"HierarchyPathItem"},{"id":"1591691244827915","name":"Ruoka- ja herkuttelujuustot","slug":"juustot-0/ruoka-ja-herkuttelujuustot","__typename":"HierarchyPathItem"},{"id":"Herkku_00000003","name":"Juustot","slug":"juustot-0","__typename":"HierarchyPathItem"}],"isGlobalFallback":null,"countryName":{"fi":"Tanska","__typename":"CountryName"}},{"id":"7340191118997","ean":"7340191118997","name":"Rainbow valkosipuli-yrtit tuorejuusto 125 g","price":1.59,"storeId":725782447,"__typename":"Product","approxPrice":false,"basicQuantityUnit":"KPL","comparisonPrice":12.72,"comparisonUnit":"KGM","consumerPackageSize":null,"consumerPackageUnit":null,"priceUnit":"KPL","quantityMultiplier":1,"brandName":"Rainbow","slug":"rainbow-valkosipuli-yrtit-tuorejuusto-125-g","isAgeLimitedByAlcohol":false,"frozen":false,"packagingLabels":[],"packagingLabelCodes":[],"hierarchyPath":[{"id":"1591691244878258","name":"Levitettävät juustot","slug":"juustot-0/ruoka-ja-herkuttelujuustot/levitettavat-juustot","__typename":"HierarchyPathItem"},{"id":"1591691244827915","name":"Ruoka- ja herkuttelujuustot","slug":"juustot-0/ruoka-ja-herkuttelujuustot","__typename":"HierarchyPathItem"},{"id":"Herkku_00000003","name":"Juustot","slug":"juustot-0","__typename":"HierarchyPathItem"}],"isGlobalFallback":null,"countryName":{"fi":"Tanska","__typename":"CountryName"}},{"id":"7340191119048","ean":"7340191119048","name":"Rainbow makaroni gluteeniton 500 g","price":2.65,"storeId":725782447,"__typename":"Product","approxPrice":false,"basicQuantityUnit":"KPL","comparisonPrice":5.3,"comparisonUnit":"KGM","consumerPackageSize":null,"consumerPackageUnit":null,"priceUnit":"KPL","quantityMultiplier":1,"brandName":"Rainbow","slug":"rainbow-makaroni-gluteeniton-500-g","isAgeLimitedByAlcohol":false,"frozen":false,"packagingLabels":[],"packagingLabelCodes":[],"hierarchyPath":[{"id":"Herkku_00000494","name":"Makaronit","slug":"kuivatuotteet-ja-leivonta-1/riisit-pastat-ja-nuudelit/makaronit","__typename":"HierarchyPathItem"},{"id":"Herkku_00000088","name":"Riisit, pastat ja nuudelit","slug":"kuivatuotteet-ja-leivonta-1/riisit-pastat-ja-nuudelit","__typename":"HierarchyPathItem"},{"id":"Herkku_00000007","name":"Kuivatuotteet ja leivonta","slug":"kuivatuotteet-ja-leivonta-1","__typename":"HierarchyPathItem"}],"isGlobalFallback":null,"countryName":{"fi":"Italia","__typename":"CountryName"}},{"id":"7340191120693","ean":"7340191120693","name":"Rainbow pyykinpesujauhe valkopyykille 1kg","price":4.09,"storeId":725782447,"__typename":"Product","approxPrice":false,"basicQuantityUnit":"KPL","comparisonPrice":4.09,"comparisonUnit":"KGM","consumerPackageSize":null,"consumerPackageUnit":null,"priceUnit":"KPL","quantityMultiplier":1,"brandName":"Rainbow","slug":"rainbow-pyykinpesujauhe-valkopyykille-1kg","isAgeLimitedByAlcohol":false,"frozen":false,"packagingLabels":["Pohjoismainen ympäristömerkki (Joutsen)"],"packagingLabelCodes":["SVANEN"],"hierarchyPath":[{"id":"1591691234596332","name":"Pyykinpesuaineet","slug":"kodinhoito-ja-taloustarvikkeet/pyykinpesu/pyykinpesuaineet","__typename":"HierarchyPathItem"},{"id":"1591691234596326","name":"Pyykinpesu","slug":"kodinhoito-ja-taloustarvikkeet/pyykinpesu","__typename":"HierarchyPathItem"},{"id":"1591691234596256","name":"Kodinhoito ja taloustarvikkeet","slug":"kodinhoito-ja-taloustarvikkeet","__typename":"HierarchyPathItem"}],"isGlobalFallback":null,"countryName":{"fi":"Tanska","__typename":"CountryName"}},{"id":"7340191120709","ean":"7340191120709","name":"Rainbow 1kg pyykinpesujauhe kirjopyykille","price":3.69,"storeId":725782447,"__typename":"Product","approxPrice":false,"basicQuantityUnit":"KPL","comparisonPrice":3.69,"comparisonUnit":"KGM","consumerPackageSize":null,"consumerPackageUnit":null,"priceUnit":"KPL","quantityMultiplier":1,"brandName":"Rainbow","slug":"rainbow-1kg-pyykinpesujauhe-kirjopyykille","isAgeLimitedByAlcohol":false,"frozen":false,"packagingLabels":["Pohjoismainen ympäristömerkki (Joutsen)"],"packagingLabelCodes":["SVANEN"],"hierarchyPath":[{"id":"1591691234596332","name":"Pyykinpesuaineet","slug":"kodinhoito-ja-taloustarvikkeet/pyykinpesu/pyykinpesuaineet","__typename":"HierarchyPathItem"},{"id":"1591691234596326","name":"Pyykinpesu","slug":"kodinhoito-ja-taloustarvikkeet/pyykinpesu","__typename":"HierarchyPathItem"},{"id":"1591691234596256","name":"Kodinhoito ja taloustarvikkeet","slug":"kodinhoito-ja-taloustarvikkeet","__typename":"HierarchyPathItem"}],"isGlobalFallback":null,"countryName":{"fi":"Tanska","__typename":"CountryName"}},{"id":"7340191120716","ean":"7340191120716","name":"Rainbow herkän ihon pyykinpesujauhe kirjopyykille 1kg","price":4.09,"storeId":725782447,"__typename":"Product","approxPrice":false,"basicQuantityUnit":"KPL","comparisonPrice":4.09,"comparisonUnit":"KGM","consumerPackageSize":null,"consumerPackageUnit":null,"priceUnit":"KPL","quantityMultiplier":1,"brandName":"Rainbow","slug":"rainbow-herkan-ihon-pyykinpesujauhe-kirjopyykille-1kg","isAgeLimitedByAlcohol":false,"frozen":false,"packagingLabels":["Pohjoismainen ympäristömerkki (Joutsen)"],"packagingLabelCodes":["SVANEN"],"hierarchyPath":[{"id":"1591691234596332","name":"Pyykinpesuaineet","slug":"kodinhoito-ja-taloustarvikkeet/pyykinpesu/pyykinpesuaineet","__typename":"HierarchyPathItem"},{"id":"1591691234596326","name":"Pyykinpesu","slug":"kodinhoito-ja-taloustarvikkeet/pyykinpesu","__typename":"HierarchyPathItem"},{"id":"1591691234596256","name":"Kodinhoito ja taloustarvikkeet","slug":"kodinhoito-ja-taloustarvikkeet","__typename":"HierarchyPathItem"}],"isGlobalFallback":null,"countryName":{"fi":"Tanska","__typename":"CountryName"}},{"id":"7340191120723","ean":"7340191120723","name":"Rainbow herkän ihon pyykinpesujauhe valkopyykille 1kg","price":4.09,"storeId":725782447,"__typename":"Product","approxPrice":false,"basicQuantityUnit":"KPL","comparisonPrice":4.09,"comparisonUnit":"KGM","consumerPackageSize":null,"consumerPackageUnit":null,"priceUnit":"KPL","quantityMultiplier":1,"brandName":"Rainbow","slug":"rainbow-herkan-ihon-pyykinpesujauhe-valkopyykille-1kg","isAgeLimitedByAlcohol":false,"frozen":false,"packagingLabels":["Pohjoismainen ympäristömerkki (Joutsen)"],"packagingLabelCodes":["SVANEN"],"hierarchyPath":[{"id":"1591691234596332","name":"Pyykinpesuaineet","slug":"kodinhoito-ja-taloustarvikkeet/pyykinpesu/pyykinpesuaineet","__typename":"HierarchyPathItem"},{"id":"1591691234596326","name":"Pyykinpesu","slug":"kodinhoito-ja-taloustarvikkeet/pyykinpesu","__typename":"HierarchyPathItem"},{"id":"1591691234596256","name":"Kodinhoito ja taloustarvikkeet","slug":"kodinhoito-ja-taloustarvikkeet","__typename":"HierarchyPathItem"}],"isGlobalFallback":null,"countryName":{"fi":"Tanska","__typename":"CountryName"}},{"id":"7340191122321","ean":"7340191122321","name":"Rainbow ECO lautanen 23cm 30kpl","price":3.69,"storeId":725782447,"__typename":"Product","approxPrice":false,"basicQuantityUnit":"KPL","comparisonPrice":0.12,"comparisonUnit":"PCE","consumerPackageSize":null,"consumerPackageUnit":null,"priceUnit":"KPL","quantityMultiplier":1,"brandName":"Rainbow","slug":"rainbow-eco-lautanen-23cm-30kpl","isAgeLimitedByAlcohol":false,"frozen":false,"packagingLabels":[],"packagingLabelCodes":[],"hierarchyPath":null,"isGlobalFallback":null,"countryName":{"fi":"Suomi","__typename":"CountryName"}},{"id":"7340191122550","ean":"7340191122550","name":"Rainbow 80g pekaanipähkinä natural","price":1.98,"storeId":725782447,"__typename":"Product","approxPrice":false,"basicQuantityUnit":"KPL","comparisonPrice":24.75,"comparisonUnit":"KGM","consumerPackageSize":null,"consumerPackageUnit":null,"priceUnit":"KPL","quantityMultiplier":1,"brandName":"Rainbow","slug":"rainbow-80g-pekaanipahkina-natural","isAgeLimitedByAlcohol":false,"frozen":false,"packagingLabels":[],"packagingLabelCodes":[],"hierarchyPath":[{"id":"Herkku_00000305","name":"Pähkinät","slug":"kuivatuotteet-ja-leivonta-1/siemenet-pahkinat-ja-kuivatut-hedelmat/pahkinat","__typename":"HierarchyPathItem"},{"id":"Herkku_00000050","name":"Siemenet, pähkinät ja kuivatut hedelmät","slug":"kuivatuotteet-ja-leivonta-1/siemenet-pahkinat-ja-kuivatut-hedelmat","__typename":"HierarchyPathItem"},{"id":"Herkku_00000007","name":"Kuivatuotteet ja leivonta","slug":"kuivatuotteet-ja-leivonta-1","__typename":"HierarchyPathItem"}],"isGlobalFallback":null,"countryName":{"fi":"Yhdysvallat","__typename":"CountryName"}},{"id":"7340191122567","ean":"7340191122567","name":"Xtra 500g cashewpähkinä kokonainen & puolikas","price":7.25,"storeId":725782447,"__typename":"Product","approxPrice":false,"basicQuantityUnit":"KPL","comparisonPrice":14.5,"comparisonUnit":"KGM","consumerPackageSize":null,"consumerPackageUnit":null,"priceUnit":"KPL","quantityMultiplier":1,"brandName":"Xtra","slug":"xtra-500g-cashewpahkina-kokonainen-and-puolikas","isAgeLimitedByAlcohol":false,"frozen":false,"packagingLabels":[],"packagingLabelCodes":[],"hierarchyPath":[{"id":"Herkku_00000305","name":"Pähkinät","slug":"kuivatuotteet-ja-leivonta-1/siemenet-pahkinat-ja-kuivatut-hedelmat/pahkinat","__typename":"HierarchyPathItem"},{"id":"Herkku_00000050","name":"Siemenet, pähkinät ja kuivatut hedelmät","slug":"kuivatuotteet-ja-leivonta-1/siemenet-pahkinat-ja-kuivatut-hedelmat","__typename":"HierarchyPathItem"},{"id":"Herkku_00000007","name":"Kuivatuotteet ja leivonta","slug":"kuivatuotteet-ja-leivonta-1","__typename":"HierarchyPathItem"}],"isGlobalFallback":null,"countryName":{"fi":"Vietnam","__typename":"CountryName"}},{"id":"7340191123823","ean":"7340191123823","name":"Rainbow chilillä maustettu tomaattimurska 400 g","price":1.15,"storeId":725782447,"__typename":"Product","approxPrice":false,"basicQuantityUnit":"KPL","comparisonPrice":2.87,"comparisonUnit":"KGM","consumerPackageSize":null,"consumerPackageUnit":null,"priceUnit":"KPL","quantityMultiplier":1,"brandName":"Rainbow","slug":"rainbow-chililla-maustettu-tomaattimurska-400-g","isAgeLimitedByAlcohol":false,"frozen":false,"packagingLabels":[],"packagingLabelCodes":[],"hierarchyPath":[{"id":"Herkku_00000357","name":"Kasvissäilykkeet","slug":"kuivatuotteet-ja-leivonta-1/sailykkeet/kasvissailykkeet","__typename":"HierarchyPathItem"},{"id":"Herkku_00000063","name":"Säilykkeet","slug":"kuivatuotteet-ja-leivonta-1/sailykkeet","__typename":"HierarchyPathItem"},{"id":"Herkku_00000007","name":"Kuivatuotteet ja leivonta","slug":"kuivatuotteet-ja-leivonta-1","__typename":"HierarchyPathItem"}],"isGlobalFallback":null,"countryName":{"fi":"Italia","__typename":"CountryName"}},{"id":"7340191123830","ean":"7340191123830","name":"Rainbow Valkosipulilla maustettu tomaattimurska 400 g","price":1.35,"storeId":725782447,"__typename":"Product","approxPrice":false,"basicQuantityUnit":"KPL","comparisonPrice":3.38,"comparisonUnit":"KGM","consumerPackageSize":null,"consumerPackageUnit":null,"priceUnit":"KPL","quantityMultiplier":1,"brandName":"Rainbow","slug":"rainbow-valkosipulilla-maustettu-tomaattimurska-400-g","isAgeLimitedByAlcohol":false,"frozen":false,"packagingLabels":[],"packagingLabelCodes":[],"hierarchyPath":[{"id":"Herkku_00000357","name":"Kasvissäilykkeet","slug":"kuivatuotteet-ja-leivonta-1/sailykkeet/kasvissailykkeet","__typename":"HierarchyPathItem"},{"id":"Herkku_00000063","name":"Säilykkeet","slug":"kuivatuotteet-ja-leivonta-1/sailykkeet","__typename":"HierarchyPathItem"},{"id":"Herkku_00000007","name":"Kuivatuotteet ja leivonta","slug":"kuivatuotteet-ja-leivonta-1","__typename":"HierarchyPathItem"}],"isGlobalFallback":null,"countryName":{"fi":"Italia","__typename":"CountryName"}},{"id":"7340191123847","ean":"7340191123847","name":"Rainbow Tomaattimurska 390g basilika ja oregano","price":1.19,"storeId":725782447,"__typename":"Product","approxPrice":false,"basicQuantityUnit":"KPL","comparisonPrice":3.05,"comparisonUnit":"KGM","consumerPackageSize":null,"consumerPackageUnit":null,"priceUnit":"KPL","quantityMultiplier":1,"brandName":"Rainbow","slug":"rainbow-tomaattimurska-390g-basilika-ja-oregano","isAgeLimitedByAlcohol":false,"frozen":false,"packagingLabels":[],"packagingLabelCodes":[],"hierarchyPath":[{"id":"Herkku_00000357","name":"Kasvissäilykkeet","slug":"kuivatuotteet-ja-leivonta-1/sailykkeet/kasvissailykkeet","__typename":"HierarchyPathItem"},{"id":"Herkku_00000063","name":"Säilykkeet","slug":"kuivatuotteet-ja-leivonta-1/sailykkeet","__typename":"HierarchyPathItem"},{"id":"Herkku_00000007","name":"Kuivatuotteet ja leivonta","slug":"kuivatuotteet-ja-leivonta-1","__typename":"HierarchyPathItem"}],"isGlobalFallback":null,"countryName":{"fi":"Portugali","__typename":"CountryName"}},{"id":"7340191124103","ean":"7340191124103","name":"Änglamark saksanpähkinä luomu 80 g","price":1.89,"storeId":725782447,"__typename":"Product","approxPrice":false,"basicQuantityUnit":"KPL","comparisonPrice":23.63,"comparisonUnit":"KGM","consumerPackageSize":null,"consumerPackageUnit":null,"priceUnit":"KPL","quantityMultiplier":1,"brandName":"Änglamark","slug":"anglamark-saksanpahkina-luomu-80-g","isAgeLimitedByAlcohol":false,"frozen":false,"packagingLabels":["EU:n luomutunnus (lehti)"],"packagingLabelCodes":["EU_ORGANIC_FARMING"],"hierarchyPath":[{"id":"Herkku_00000305","name":"Pähkinät","slug":"kuivatuotteet-ja-leivonta-1/siemenet-pahkinat-ja-kuivatut-hedelmat/pahkinat","__typename":"HierarchyPathItem"},{"id":"Herkku_00000050","name":"Siemenet, pähkinät ja kuivatut hedelmät","slug":"kuivatuotteet-ja-leivonta-1/siemenet-pahkinat-ja-kuivatut-hedelmat","__typename":"HierarchyPathItem"},{"id":"Herkku_00000007","name":"Kuivatuotteet ja leivonta","slug":"kuivatuotteet-ja-leivonta-1","__typename":"HierarchyPathItem"}],"isGlobalFallback":null,"countryName":{"fi":"Moldova","__typename":"CountryName"}},{"id":"7340191124196","ean":"7340191124196","name":"Rainbow luomu kasvis-lihapata 6kk 190g","price":1.05,"storeId":725782447,"__typename":"Product","approxPrice":false,"basicQuantityUnit":"KPL","comparisonPrice":5.53,"comparisonUnit":"KGM","consumerPackageSize":null,"consumerPackageUnit":null,"priceUnit":"KPL","quantityMultiplier":1,"brandName":"Rainbow","slug":"rainbow-luomu-kasvis-lihapata-6kk-190g","isAgeLimitedByAlcohol":false,"frozen":false,"packagingLabels":["EU:n luomutunnus (lehti)"],"packagingLabelCodes":["EU_ORGANIC_FARMING"],"hierarchyPath":[{"id":"Herkku_00000389","name":"5-6 kk ikäiset","slug":"lapset-1/lasten-ruoat/5-6-kk-ikaiset","__typename":"HierarchyPathItem"},{"id":"Herkku_00000069","name":"Lasten ruoat","slug":"lapset-1/lasten-ruoat","__typename":"HierarchyPathItem"},{"id":"Herkku_00000010","name":"Lapset","slug":"lapset-1","__typename":"HierarchyPathItem"}],"isGlobalFallback":null,"countryName":{"fi":"Latvia","__typename":"CountryName"}},{"id":"7340191124202","ean":"7340191124202","name":"Rainbow luomu pasta bolognese 8kk 190g","price":1.05,"storeId":725782447,"__typename":"Product","approxPrice":false,"basicQuantityUnit":"KPL","comparisonPrice":5.53,"comparisonUnit":"KGM","consumerPackageSize":null,"consumerPackageUnit":null,"priceUnit":"KPL","quantityMultiplier":1,"brandName":"Rainbow","slug":"rainbow-luomu-pasta-bolognese-8kk-190g","isAgeLimitedByAlcohol":false,"frozen":false,"packagingLabels":["EU:n luomutunnus (lehti)"],"packagingLabelCodes":["EU_ORGANIC_FARMING"],"hierarchyPath":[{"id":"Herkku_00000391","name":"8 kk ikäiset","slug":"lapset-1/lasten-ruoat/8-kk-ikaiset","__typename":"HierarchyPathItem"},{"id":"Herkku_00000069","name":"Lasten ruoat","slug":"lapset-1/lasten-ruoat","__typename":"HierarchyPathItem"},{"id":"Herkku_00000010","name":"Lapset","slug":"lapset-1","__typename":"HierarchyPathItem"}],"isGlobalFallback":null,"countryName":{"fi":"Latvia","__typename":"CountryName"}},{"id":"7340191124226","ean":"7340191124226","name":"Rainbow luomu kasvis-kanarisotto 12kk 220g","price":1.05,"storeId":725782447,"__typename":"Product","approxPrice":false,"basicQuantityUnit":"KPL","comparisonPrice":4.77,"comparisonUnit":"KGM","consumerPackageSize":null,"consumerPackageUnit":null,"priceUnit":"KPL","quantityMultiplier":1,"brandName":"Rainbow","slug":"rainbow-luomu-kasvis-kanarisotto-12kk-220g","isAgeLimitedByAlcohol":false,"frozen":false,"packagingLabels":["EU:n luomutunnus (lehti)"],"packagingLabelCodes":["EU_ORGANIC_FARMING"],"hierarchyPath":[{"id":"Herkku_00000388","name":"12+ kk ikäiset","slug":"lapset-1/lasten-ruoat/12+-kk-ikaiset","__typename":"HierarchyPathItem"},{"id":"Herkku_00000069","name":"Lasten ruoat","slug":"lapset-1/lasten-ruoat","__typename":"HierarchyPathItem"},{"id":"Herkku_00000010","name":"Lapset","slug":"lapset-1","__typename":"HierarchyPathItem"}],"isGlobalFallback":null,"countryName":{"fi":"Latvia","__typename":"CountryName"}},{"id":"7340191124332","ean":"7340191124332","name":"Rainbow Vegan salaattikuutiot 410/200g","price":2.95,"storeId":725782447,"__typename":"Product","approxPrice":false,"basicQuantityUnit":"KPL","comparisonPrice":14.75,"comparisonUnit":"KGM","consumerPackageSize":null,"consumerPackageUnit":null,"priceUnit":"KPL","quantityMultiplier":1,"brandName":"Rainbow","slug":"rainbow-vegan-salaattikuutiot-410200g","isAgeLimitedByAlcohol":false,"frozen":false,"packagingLabels":[],"packagingLabelCodes":[],"hierarchyPath":[{"id":"1591691244827941","name":"Muut kasvipohjaiset juustot","slug":"juustot-0/kasvipohjaiset-juustot/muut-kasvipohjaiset-juustot","__typename":"HierarchyPathItem"},{"id":"1591691244827917","name":"Kasvipohjaiset juustot","slug":"juustot-0/kasvipohjaiset-juustot","__typename":"HierarchyPathItem"},{"id":"Herkku_00000003","name":"Juustot","slug":"juustot-0","__typename":"HierarchyPathItem"}],"isGlobalFallback":null,"countryName":{"fi":"Ruotsi","__typename":"CountryName"}},{"id":"7340191124684","ean":"7340191124684","name":"Rainbow 160/104g tonnikalaa oliiviöljyssä MSC","price":2.19,"storeId":725782447,"__typename":"Product","approxPrice":false,"basicQuantityUnit":"KPL","comparisonPrice":21.06,"comparisonUnit":"KGM","consumerPackageSize":null,"consumerPackageUnit":null,"priceUnit":"KPL","quantityMultiplier":1,"brandName":"Rainbow","slug":"rainbow-160104g-tonnikalaa-oliivioljyssa-msc","isAgeLimitedByAlcohol":false,"frozen":false,"packagingLabels":["MSC (Marine Stewardship Council)"],"packagingLabelCodes":["MARINE_STEWARDSHIP_COUNCIL_LABEL"],"hierarchyPath":[{"id":"Herkku_00000352","name":"Kala- ja äyriäissäilykkeet","slug":"kuivatuotteet-ja-leivonta-1/sailykkeet/kala-ja-ayriaissailykkeet","__typename":"HierarchyPathItem"},{"id":"Herkku_00000063","name":"Säilykkeet","slug":"kuivatuotteet-ja-leivonta-1/sailykkeet","__typename":"HierarchyPathItem"},{"id":"Herkku_00000007","name":"Kuivatuotteet ja leivonta","slug":"kuivatuotteet-ja-leivonta-1","__typename":"HierarchyPathItem"}],"isGlobalFallback":null,"countryName":{"fi":"Espanja","__typename":"CountryName"}},{"id":"7340191124714","ean":"7340191124714","name":"Rainbow Vegan Gouda flavour pala 200g","price":2.49,"storeId":725782447,"__typename":"Product","approxPrice":false,"basicQuantityUnit":"KPL","comparisonPrice":12.45,"comparisonUnit":"KGM","consumerPackageSize":null,"consumerPackageUnit":null,"priceUnit":"KPL","quantityMultiplier":1,"brandName":"Rainbow","slug":"rainbow-vegan-gouda-flavour-pala-200g","isAgeLimitedByAlcohol":false,"frozen":false,"packagingLabels":[],"packagingLabelCodes":[],"hierarchyPath":[{"id":"1591691244827939","name":"Kasvipohjaiset juustopalat","slug":"juustot-0/kasvipohjaiset-juustot/kasvipohjaiset-juustopalat","__typename":"HierarchyPathItem"},{"id":"1591691244827917","name":"Kasvipohjaiset juustot","slug":"juustot-0/kasvipohjaiset-juustot","__typename":"HierarchyPathItem"},{"id":"Herkku_00000003","name":"Juustot","slug":"juustot-0","__typename":"HierarchyPathItem"}],"isGlobalFallback":null,"countryName":{"fi":"Tanska","__typename":"CountryName"}},{"id":"7340191124752","ean":"7340191124752","name":"Rainbow Vegan Cheddar flavour viipaleet 200g","price":2.49,"storeId":725782447,"__typename":"Product","approxPrice":false,"basicQuantityUnit":"KPL","comparisonPrice":12.45,"comparisonUnit":"KGM","consumerPackageSize":null,"consumerPackageUnit":null,"priceUnit":"KPL","quantityMultiplier":1,"brandName":"Rainbow","slug":"rainbow-vegan-cheddar-flavour-viipaleet-200g","isAgeLimitedByAlcohol":false,"frozen":false,"packagingLabels":[],"packagingLabelCodes":[],"hierarchyPath":[{"id":"1591691244827940","name":"Kasvipohjaiset juustoviipaleet","slug":"juustot-0/kasvipohjaiset-juustot/kasvipohjaiset-juustoviipaleet","__typename":"HierarchyPathItem"},{"id":"1591691244827917","name":"Kasvipohjaiset juustot","slug":"juustot-0/kasvipohjaiset-juustot","__typename":"HierarchyPathItem"},{"id":"Herkku_00000003","name":"Juustot","slug":"juustot-0","__typename":"HierarchyPathItem"}],"isGlobalFallback":null,"countryName":{"fi":"Tanska","__typename":"CountryName"}},{"id":"7340191125704","ean":"7340191125704","name":"Rainbow Nestesaippua Rain 500 ml","price":1.85,"storeId":725782447,"__typename":"Product","approxPrice":false,"basicQuantityUnit":"KPL","comparisonPrice":3.7,"comparisonUnit":"LTR","consumerPackageSize":null,"consumerPackageUnit":null,"priceUnit":"KPL","quantityMultiplier":1,"brandName":"Rainbow","slug":"rainbow-nestesaippua-rain-500-ml","isAgeLimitedByAlcohol":false,"frozen":false,"packagingLabels":[],"packagingLabelCodes":[],"hierarchyPath":[{"id":"1591691233415963","name":"Nestesaippuat","slug":"kosmetiikka-ja-hygienia/saippuat-ja-pesutarvikkeet/nestesaippuat","__typename":"HierarchyPathItem"},{"id":"1591691233415959","name":"Saippuat ja pesutarvikkeet","slug":"kosmetiikka-ja-hygienia/saippuat-ja-pesutarvikkeet","__typename":"HierarchyPathItem"},{"id":"1591691233334707","name":"Kosmetiikka ja hygienia","slug":"kosmetiikka-ja-hygienia","__typename":"HierarchyPathItem"}],"isGlobalFallback":null,"countryName":{"fi":"Puola","__typename":"CountryName"}},{"id":"7340191126091","ean":"7340191126091","name":"Rainbow cashewpähkinä-, maapähkinä- ja pistaasipähkinäsekoitus 200g","price":3.79,"storeId":725782447,"__typename":"Product","approxPrice":false,"basicQuantityUnit":"KPL","comparisonPrice":18.95,"comparisonUnit":"KGM","consumerPackageSize":null,"consumerPackageUnit":null,"priceUnit":"KPL","quantityMultiplier":1,"brandName":"Rainbow","slug":"rainbow-cashewpahkina-maapahkina-ja-pistaasipahkinasekoitus-200g","isAgeLimitedByAlcohol":false,"frozen":false,"packagingLabels":[],"packagingLabelCodes":[],"hierarchyPath":[{"id":"Herkku_00000305","name":"Pähkinät","slug":"kuivatuotteet-ja-leivonta-1/siemenet-pahkinat-ja-kuivatut-hedelmat/pahkinat","__typename":"HierarchyPathItem"},{"id":"Herkku_00000050","name":"Siemenet, pähkinät ja kuivatut hedelmät","slug":"kuivatuotteet-ja-leivonta-1/siemenet-pahkinat-ja-kuivatut-hedelmat","__typename":"HierarchyPathItem"},{"id":"Herkku_00000007","name":"Kuivatuotteet ja leivonta","slug":"kuivatuotteet-ja-leivonta-1","__typename":"HierarchyPathItem"}],"isGlobalFallback":null,"countryName":{"fi":"Vietnam","__typename":"CountryName"}},{"id":"7340191126107","ean":"7340191126107","name":"Rainbow pähkinä-kuivahedelmäsekoitus 200g","price":2.85,"storeId":725782447,"__typename":"Product","approxPrice":false,"basicQuantityUnit":"KPL","comparisonPrice":14.25,"comparisonUnit":"KGM","consumerPackageSize":null,"consumerPackageUnit":null,"priceUnit":"KPL","quantityMultiplier":1,"brandName":"Rainbow","slug":"rainbow-pahkina-kuivahedelmasekoitus-200g","isAgeLimitedByAlcohol":false,"frozen":false,"packagingLabels":[],"packagingLabelCodes":[],"hierarchyPath":[{"id":"Herkku_00000308","name":"Hedelmä-pähkinä sekoitukset","slug":"kuivatuotteet-ja-leivonta-1/siemenet-pahkinat-ja-kuivatut-hedelmat/hedelma-pahkina-sekoitukset","__typename":"HierarchyPathItem"},{"id":"Herkku_00000050","name":"Siemenet, pähkinät ja kuivatut hedelmät","slug":"kuivatuotteet-ja-leivonta-1/siemenet-pahkinat-ja-kuivatut-hedelmat","__typename":"HierarchyPathItem"},{"id":"Herkku_00000007","name":"Kuivatuotteet ja leivonta","slug":"kuivatuotteet-ja-leivonta-1","__typename":"HierarchyPathItem"}],"isGlobalFallback":null,"countryName":{"fi":"Chile","__typename":"CountryName"}},{"id":"7340191126435","ean":"7340191126435","name":"Xtra 225/125g jalapenoviipaleet","price":0.85,"storeId":725782447,"__typename":"Product","approxPrice":false,"basicQuantityUnit":"KPL","comparisonPrice":6.8,"comparisonUnit":"KGM","consumerPackageSize":null,"consumerPackageUnit":null,"priceUnit":"KPL","quantityMultiplier":1,"brandName":"Xtra","slug":"xtra-225125g-jalapenoviipaleet","isAgeLimitedByAlcohol":false,"frozen":false,"packagingLabels":[],"packagingLabelCodes":[],"hierarchyPath":[{"id":"Herkku_00000463","name":"Tex-mex säilykkeet","slug":"oljyt-mausteet-maustaminen-1/tex-mex/tex-mex-sailykkeet","__typename":"HierarchyPathItem"},{"id":"StructureGroup_198285814629","name":"Tex mex","slug":"oljyt-mausteet-maustaminen-1/tex-mex","__typename":"HierarchyPathItem"},{"id":"Herkku_00000011","name":"Öljyt, mausteet, maustaminen","slug":"oljyt-mausteet-maustaminen-1","__typename":"HierarchyPathItem"}],"isGlobalFallback":null,"countryName":{"fi":"Peru","__typename":"CountryName"}},{"id":"7340191127036","ean":"7340191127036","name":"Rainbow dipmix American 20g","price":0.75,"storeId":725782447,"__typename":"Product","approxPrice":false,"basicQuantityUnit":"KPL","comparisonPrice":37.5,"comparisonUnit":"KGM","consumerPackageSize":null,"consumerPackageUnit":null,"priceUnit":"KPL","quantityMultiplier":1,"brandName":"Rainbow","slug":"rainbow-dipmix-american-20g","isAgeLimitedByAlcohol":false,"frozen":false,"packagingLabels":[],"packagingLabelCodes":[],"hierarchyPath":[{"id":"Herkku_00000350","name":"Muut snacksit","slug":"makeiset-ja-naposteltavat-1/sipsit-ja-muut-naposteltavat/muut-snacksit","__typename":"HierarchyPathItem"},{"id":"Herkku_00000062","name":"Sipsit ja muut naposteltavat","slug":"makeiset-ja-naposteltavat-1/sipsit-ja-muut-naposteltavat","__typename":"HierarchyPathItem"},{"id":"Herkku_00000009","name":"Makeiset ja naposteltavat","slug":"makeiset-ja-naposteltavat-1","__typename":"HierarchyPathItem"}],"isGlobalFallback":null,"countryName":{"fi":"Puola","__typename":"CountryName"}},{"id":"7340191127630","ean":"7340191127630","name":"Rainbow 200g kuivatut aprikoosit, luomu","price":2.69,"storeId":725782447,"__typename":"Product","approxPrice":false,"basicQuantityUnit":"KPL","comparisonPrice":13.45,"comparisonUnit":"KGM","consumerPackageSize":null,"consumerPackageUnit":null,"priceUnit":"KPL","quantityMultiplier":1,"brandName":"Rainbow","slug":"rainbow-200g-kuivatut-aprikoosit-luomu","isAgeLimitedByAlcohol":false,"frozen":false,"packagingLabels":[],"packagingLabelCodes":[],"hierarchyPath":[{"id":"Herkku_00000306","name":"Kuivatut hedelmät ja marjat","slug":"kuivatuotteet-ja-leivonta-1/siemenet-pahkinat-ja-kuivatut-hedelmat/kuivatut-hedelmat-ja-marjat","__typename":"HierarchyPathItem"},{"id":"Herkku_00000050","name":"Siemenet, pähkinät ja kuivatut hedelmät","slug":"kuivatuotteet-ja-leivonta-1/siemenet-pahkinat-ja-kuivatut-hedelmat","__typename":"HierarchyPathItem"},{"id":"Herkku_00000007","name":"Kuivatuotteet ja leivonta","slug":"kuivatuotteet-ja-leivonta-1","__typename":"HierarchyPathItem"}],"isGlobalFallback":null,"countryName":{"fi":"Turkki","__typename":"CountryName"}},{"id":"7340191128651","ean":"7340191128651","name":"Rainbow Cashew nuts roasted&unsalted 150g W320","price":2.95,"storeId":725782447,"__typename":"Product","approxPrice":false,"basicQuantityUnit":"KPL","comparisonPrice":19.67,"comparisonUnit":"KGM","consumerPackageSize":null,"consumerPackageUnit":null,"priceUnit":"KPL","quantityMultiplier":1,"brandName":"Rainbow","slug":"rainbow-cashew-nuts-roastedandunsalted-150g-w320","isAgeLimitedByAlcohol":false,"frozen":false,"packagingLabels":[],"packagingLabelCodes":[],"hierarchyPath":[{"id":"Herkku_00000305","name":"Pähkinät","slug":"kuivatuotteet-ja-leivonta-1/siemenet-pahkinat-ja-kuivatut-hedelmat/pahkinat","__typename":"HierarchyPathItem"},{"id":"Herkku_00000050","name":"Siemenet, pähkinät ja kuivatut hedelmät","slug":"kuivatuotteet-ja-leivonta-1/siemenet-pahkinat-ja-kuivatut-hedelmat","__typename":"HierarchyPathItem"},{"id":"Herkku_00000007","name":"Kuivatuotteet ja leivonta","slug":"kuivatuotteet-ja-leivonta-1","__typename":"HierarchyPathItem"}],"isGlobalFallback":null,"countryName":{"fi":"Vietnam","__typename":"CountryName"}},{"id":"7340191129061","ean":"7340191129061","name":"Rainbow Extra Virgin Oliiviöljy 500ml","price":5.15,"storeId":725782447,"__typename":"Product","approxPrice":false,"basicQuantityUnit":"KPL","comparisonPrice":10.3,"comparisonUnit":"LTR","consumerPackageSize":null,"consumerPackageUnit":null,"priceUnit":"KPL","quantityMultiplier":1,"brandName":"Rainbow","slug":"rainbow-extra-virgin-oliivioljy-500ml","isAgeLimitedByAlcohol":false,"frozen":false,"packagingLabels":[],"packagingLabelCodes":[],"hierarchyPath":[{"id":"Herkku_00000442","name":"Oliiviöljyt","slug":"oljyt-mausteet-maustaminen-1/oljyt/oliivioljyt","__typename":"HierarchyPathItem"},{"id":"Herkku_00000081","name":"Öljyt","slug":"oljyt-mausteet-maustaminen-1/oljyt","__typename":"HierarchyPathItem"},{"id":"Herkku_00000011","name":"Öljyt, mausteet, maustaminen","slug":"oljyt-mausteet-maustaminen-1","__typename":"HierarchyPathItem"}],"isGlobalFallback":null,"countryName":{"fi":"Espanja","__typename":"CountryName"}},{"id":"7340191129184","ean":"7340191129184","name":"Rainbow parapähkinä 100g","price":2.85,"storeId":725782447,"__typename":"Product","approxPrice":false,"basicQuantityUnit":"KPL","comparisonPrice":28.5,"comparisonUnit":"KGM","consumerPackageSize":null,"consumerPackageUnit":null,"priceUnit":"KPL","quantityMultiplier":1,"brandName":"Rainbow","slug":"rainbow-parapahkina-100g","isAgeLimitedByAlcohol":false,"frozen":false,"packagingLabels":[],"packagingLabelCodes":[],"hierarchyPath":[{"id":"Herkku_00000305","name":"Pähkinät","slug":"kuivatuotteet-ja-leivonta-1/siemenet-pahkinat-ja-kuivatut-hedelmat/pahkinat","__typename":"HierarchyPathItem"},{"id":"Herkku_00000050","name":"Siemenet, pähkinät ja kuivatut hedelmät","slug":"kuivatuotteet-ja-leivonta-1/siemenet-pahkinat-ja-kuivatut-hedelmat","__typename":"HierarchyPathItem"},{"id":"Herkku_00000007","name":"Kuivatuotteet ja leivonta","slug":"kuivatuotteet-ja-leivonta-1","__typename":"HierarchyPathItem"}],"isGlobalFallback":null,"countryName":{"fi":"Bolivia","__typename":"CountryName"}},{"id":"7340191129689","ean":"7340191129689","name":"Rainbow Kynsilakanpoistoaine 175 ml","price":2.98,"storeId":725782447,"__typename":"Product","approxPrice":false,"basicQuantityUnit":"KPL","comparisonPrice":17.03,"comparisonUnit":"LTR","consumerPackageSize":null,"consumerPackageUnit":null,"priceUnit":"KPL","quantityMultiplier":1,"brandName":"Rainbow","slug":"rainbow-kynsilakanpoistoaine-175-ml","isAgeLimitedByAlcohol":false,"frozen":false,"packagingLabels":[],"packagingLabelCodes":[],"hierarchyPath":[{"id":"1591691233653809","name":"Kynsilakat ja muut kynsituotteet","slug":"kosmetiikka-ja-hygienia/meikit/kynsilakat-ja-muut-kynsituotteet","__typename":"HierarchyPathItem"},{"id":"1591691233653736","name":"Meikit","slug":"kosmetiikka-ja-hygienia/meikit","__typename":"HierarchyPathItem"},{"id":"1591691233334707","name":"Kosmetiikka ja hygienia","slug":"kosmetiikka-ja-hygienia","__typename":"HierarchyPathItem"}],"isGlobalFallback":null,"countryName":{"fi":"Alankomaat","__typename":"CountryName"}},{"id":"7340191130005","ean":"7340191130005","name":"Rainbow macadamiapähkinä 70g","price":2.89,"storeId":725782447,"__typename":"Product","approxPrice":false,"basicQuantityUnit":"KPL","comparisonPrice":41.29,"comparisonUnit":"KGM","consumerPackageSize":null,"consumerPackageUnit":null,"priceUnit":"KPL","quantityMultiplier":1,"brandName":"Rainbow","slug":"rainbow-macadamiapahkina-70g","isAgeLimitedByAlcohol":false,"frozen":false,"packagingLabels":[],"packagingLabelCodes":[],"hierarchyPath":[{"id":"Herkku_00000305","name":"Pähkinät","slug":"kuivatuotteet-ja-leivonta-1/siemenet-pahkinat-ja-kuivatut-hedelmat/pahkinat","__typename":"HierarchyPathItem"},{"id":"Herkku_00000050","name":"Siemenet, pähkinät ja kuivatut hedelmät","slug":"kuivatuotteet-ja-leivonta-1/siemenet-pahkinat-ja-kuivatut-hedelmat","__typename":"HierarchyPathItem"},{"id":"Herkku_00000007","name":"Kuivatuotteet ja leivonta","slug":"kuivatuotteet-ja-leivonta-1","__typename":"HierarchyPathItem"}],"isGlobalFallback":null,"countryName":{"fi":"Etelä-Afrikka","__typename":"CountryName"}},{"id":"7340191130586","ean":"7340191130586","name":"Rainbow Vihreät viipaloidut Manzanilla oliivit 235/142g","price":1.05,"storeId":725782447,"__typename":"Product","approxPrice":false,"basicQuantityUnit":"KPL","comparisonPrice":7.39,"comparisonUnit":"KGM","consumerPackageSize":null,"consumerPackageUnit":null,"priceUnit":"KPL","quantityMultiplier":1,"brandName":"Rainbow","slug":"rainbow-vihreat-viipaloidut-manzanilla-oliivit-235142g","isAgeLimitedByAlcohol":false,"frozen":false,"packagingLabels":[],"packagingLabelCodes":[],"hierarchyPath":[{"id":"Herkku_00000353","name":"Hedelmäsäilykkeet","slug":"kuivatuotteet-ja-leivonta-1/sailykkeet/hedelmasailykkeet","__typename":"HierarchyPathItem"},{"id":"Herkku_00000063","name":"Säilykkeet","slug":"kuivatuotteet-ja-leivonta-1/sailykkeet","__typename":"HierarchyPathItem"},{"id":"Herkku_00000007","name":"Kuivatuotteet ja leivonta","slug":"kuivatuotteet-ja-leivonta-1","__typename":"HierarchyPathItem"}],"isGlobalFallback":null,"countryName":{"fi":"Espanja","__typename":"CountryName"}},{"id":"7340191130593","ean":"7340191130593","name":"Rainbow Manzanilla vihreät oliivit 235/113g","price":1.59,"storeId":725782447,"__typename":"Product","approxPrice":false,"basicQuantityUnit":"KPL","comparisonPrice":11.2,"comparisonUnit":"KGM","consumerPackageSize":null,"consumerPackageUnit":null,"priceUnit":"KPL","quantityMultiplier":1,"brandName":"Rainbow","slug":"rainbow-manzanilla-vihreat-oliivit-235113g","isAgeLimitedByAlcohol":false,"frozen":false,"packagingLabels":[],"packagingLabelCodes":[],"hierarchyPath":[{"id":"Herkku_00000353","name":"Hedelmäsäilykkeet","slug":"kuivatuotteet-ja-leivonta-1/sailykkeet/hedelmasailykkeet","__typename":"HierarchyPathItem"},{"id":"Herkku_00000063","name":"Säilykkeet","slug":"kuivatuotteet-ja-leivonta-1/sailykkeet","__typename":"HierarchyPathItem"},{"id":"Herkku_00000007","name":"Kuivatuotteet ja leivonta","slug":"kuivatuotteet-ja-leivonta-1","__typename":"HierarchyPathItem"}],"isGlobalFallback":null,"countryName":{"fi":"Espanja","__typename":"CountryName"}},{"id":"7340191130814","ean":"7340191130814","name":"Rainbow Luomu smoothie mango 90 g","price":0.85,"storeId":725782447,"__typename":"Product","approxPrice":false,"basicQuantityUnit":"KPL","comparisonPrice":9.44,"comparisonUnit":"KGM","consumerPackageSize":null,"consumerPackageUnit":null,"priceUnit":"KPL","quantityMultiplier":1,"brandName":"Rainbow","slug":"rainbow-luomu-smoothie-mango-90-g","isAgeLimitedByAlcohol":false,"frozen":false,"packagingLabels":[],"packagingLabelCodes":[],"hierarchyPath":[{"id":"1591691240683146","name":"Soseet 4 kk ikäiset","slug":"lapset-1/lasten-valipalasoseet-ja-muut-valipalat/soseet-4-kk-ikaiset","__typename":"HierarchyPathItem"},{"id":"1591691240683140","name":"Lasten välipalasoseet ja muut välipalat","slug":"lapset-1/lasten-valipalasoseet-ja-muut-valipalat","__typename":"HierarchyPathItem"},{"id":"Herkku_00000010","name":"Lapset","slug":"lapset-1","__typename":"HierarchyPathItem"}],"isGlobalFallback":null,"countryName":{"fi":"Latvia","__typename":"CountryName"}},{"id":"7340191132276","ean":"7340191132276","name":"Rainbow kuivatut herneet 500 g","price":1.15,"storeId":725782447,"__typename":"Product","approxPrice":false,"basicQuantityUnit":"KPL","comparisonPrice":2.3,"comparisonUnit":"KGM","consumerPackageSize":null,"consumerPackageUnit":null,"priceUnit":"KPL","quantityMultiplier":1,"brandName":"Rainbow","slug":"rainbow-kuivatut-herneet-500-g","isAgeLimitedByAlcohol":false,"frozen":false,"packagingLabels":[],"packagingLabelCodes":[],"hierarchyPath":[{"id":"Herkku_00000357","name":"Kasvissäilykkeet","slug":"kuivatuotteet-ja-leivonta-1/sailykkeet/kasvissailykkeet","__typename":"HierarchyPathItem"},{"id":"Herkku_00000063","name":"Säilykkeet","slug":"kuivatuotteet-ja-leivonta-1/sailykkeet","__typename":"HierarchyPathItem"},{"id":"Herkku_00000007","name":"Kuivatuotteet ja leivonta","slug":"kuivatuotteet-ja-leivonta-1","__typename":"HierarchyPathItem"}],"isGlobalFallback":null,"countryName":{"fi":"Iso-Britannia","__typename":"CountryName"}},{"id":"7340191132290","ean":"7340191132290","name":"Rainbow Tomaattisose 70g","price":0.69,"storeId":725782447,"__typename":"Product","approxPrice":false,"basicQuantityUnit":"KPL","comparisonPrice":9.86,"comparisonUnit":"KGM","consumerPackageSize":null,"consumerPackageUnit":null,"priceUnit":"KPL","quantityMultiplier":1,"brandName":"Rainbow","slug":"rainbow-tomaattisose-70g","isAgeLimitedByAlcohol":false,"frozen":false,"packagingLabels":[],"packagingLabelCodes":[],"hierarchyPath":[{"id":"Herkku_00000357","name":"Kasvissäilykkeet","slug":"kuivatuotteet-ja-leivonta-1/sailykkeet/kasvissailykkeet","__typename":"HierarchyPathItem"},{"id":"Herkku_00000063","name":"Säilykkeet","slug":"kuivatuotteet-ja-leivonta-1/sailykkeet","__typename":"HierarchyPathItem"},{"id":"Herkku_00000007","name":"Kuivatuotteet ja leivonta","slug":"kuivatuotteet-ja-leivonta-1","__typename":"HierarchyPathItem"}],"isGlobalFallback":null,"countryName":{"fi":"Italia","__typename":"CountryName"}},{"id":"7340191132955","ean":"7340191132955","name":"Rainbow Riisivälipala mustikka 175 g","price":0.75,"storeId":725782447,"__typename":"Product","approxPrice":false,"basicQuantityUnit":"KPL","comparisonPrice":4.29,"comparisonUnit":"KGM","consumerPackageSize":null,"consumerPackageUnit":null,"priceUnit":"KPL","quantityMultiplier":1,"brandName":"Rainbow","slug":"rainbow-riisivalipala-mustikka-175-g","isAgeLimitedByAlcohol":false,"frozen":false,"packagingLabels":[],"packagingLabelCodes":[],"hierarchyPath":[{"id":"Herkku_00000649","name":"Muut välipalat ja jälkiruoat","slug":"maito-munat-ja-rasvat-0/rahkat-vanukkaat-ja-jalkiruoka/muut-valipalat-ja-jalkiruoat","__typename":"HierarchyPathItem"},{"id":"Herkku_00000115","name":"Rahkat, vanukkaat ja jälkiruoka","slug":"maito-munat-ja-rasvat-0/rahkat-vanukkaat-ja-jalkiruoka","__typename":"HierarchyPathItem"},{"id":"Herkku_00000006","name":"Maito, munat ja rasvat","slug":"maito-munat-ja-rasvat-0","__typename":"HierarchyPathItem"}],"isGlobalFallback":null,"countryName":{"fi":"Tšekki","__typename":"CountryName"}},{"id":"7340191133815","ean":"7340191133815","name":"Xtra lautasliina 33x33 cm 100 kpl","price":1.25,"storeId":725782447,"__typename":"Product","approxPrice":false,"basicQuantityUnit":"KPL","comparisonPrice":0.01,"comparisonUnit":"PCE","consumerPackageSize":null,"consumerPackageUnit":null,"priceUnit":"KPL","quantityMultiplier":1,"brandName":"Xtra","slug":"xtra-lautasliina-33x33-cm-100-kpl","isAgeLimitedByAlcohol":false,"frozen":false,"packagingLabels":[],"packagingLabelCodes":[],"hierarchyPath":[{"id":"1591691234089639","name":"Lautasliinat ja servetit","slug":"keittio-ja-kattaus/kattaustarvikkeet/lautasliinat-ja-servetit","__typename":"HierarchyPathItem"},{"id":"1591691234089638","name":"Kattaustarvikkeet","slug":"keittio-ja-kattaus/kattaustarvikkeet","__typename":"HierarchyPathItem"},{"id":"1591691234054950","name":"Keittiö ja kattaus","slug":"keittio-ja-kattaus","__typename":"HierarchyPathItem"}],"isGlobalFallback":null,"countryName":{"fi":"Puola","__typename":"CountryName"}},{"id":"7340191134201","ean":"7340191134201","name":"Rainbow Fusilli maissista ja riisistä valmistettu pasta, gluteeniton 340 g","price":1.69,"storeId":725782447,"__typename":"Product","approxPrice":false,"basicQuantityUnit":"KPL","comparisonPrice":4.97,"comparisonUnit":"KGM","consumerPackageSize":null,"consumerPackageUnit":null,"priceUnit":"KPL","quantityMultiplier":1,"brandName":"Rainbow","slug":"rainbow-fusilli-maissista-ja-riisista-valmistettu-pasta-gluteeniton-340-g","isAgeLimitedByAlcohol":false,"frozen":false,"packagingLabels":[],"packagingLabelCodes":[],"hierarchyPath":[{"id":"Herkku_00000493","name":"Kuviopastat","slug":"kuivatuotteet-ja-leivonta-1/riisit-pastat-ja-nuudelit/kuviopastat","__typename":"HierarchyPathItem"},{"id":"Herkku_00000088","name":"Riisit, pastat ja nuudelit","slug":"kuivatuotteet-ja-leivonta-1/riisit-pastat-ja-nuudelit","__typename":"HierarchyPathItem"},{"id":"Herkku_00000007","name":"Kuivatuotteet ja leivonta","slug":"kuivatuotteet-ja-leivonta-1","__typename":"HierarchyPathItem"}],"isGlobalFallback":null,"countryName":{"fi":"Italia","__typename":"CountryName"}},{"id":"7340191134478","ean":"7340191134478","name":"Rainbow sweet nut mix pähkinäsekoitus 150g","price":3.59,"storeId":725782447,"__typename":"Product","approxPrice":false,"basicQuantityUnit":"KPL","comparisonPrice":23.93,"comparisonUnit":"KGM","consumerPackageSize":null,"consumerPackageUnit":null,"priceUnit":"KPL","quantityMultiplier":1,"brandName":"Rainbow","slug":"rainbow-sweet-nut-mix-pahkinasekoitus-150g","isAgeLimitedByAlcohol":false,"frozen":false,"packagingLabels":[],"packagingLabelCodes":[],"hierarchyPath":[{"id":"Herkku_00000305","name":"Pähkinät","slug":"kuivatuotteet-ja-leivonta-1/siemenet-pahkinat-ja-kuivatut-hedelmat/pahkinat","__typename":"HierarchyPathItem"},{"id":"Herkku_00000050","name":"Siemenet, pähkinät ja kuivatut hedelmät","slug":"kuivatuotteet-ja-leivonta-1/siemenet-pahkinat-ja-kuivatut-hedelmat","__typename":"HierarchyPathItem"},{"id":"Herkku_00000007","name":"Kuivatuotteet ja leivonta","slug":"kuivatuotteet-ja-leivonta-1","__typename":"HierarchyPathItem"}],"isGlobalFallback":null,"countryName":{"fi":"Italia","__typename":"CountryName"}},{"id":"7340191134485","ean":"7340191134485","name":"Rainbow hickory smoked nut mix pähkinäsekoitus 150g","price":3.59,"storeId":725782447,"__typename":"Product","approxPrice":false,"basicQuantityUnit":"KPL","comparisonPrice":23.93,"comparisonUnit":"KGM","consumerPackageSize":null,"consumerPackageUnit":null,"priceUnit":"KPL","quantityMultiplier":1,"brandName":"Rainbow","slug":"rainbow-hickory-smoked-nut-mix-pahkinasekoitus-150g","isAgeLimitedByAlcohol":false,"frozen":false,"packagingLabels":[],"packagingLabelCodes":[],"hierarchyPath":[{"id":"Herkku_00000305","name":"Pähkinät","slug":"kuivatuotteet-ja-leivonta-1/siemenet-pahkinat-ja-kuivatut-hedelmat/pahkinat","__typename":"HierarchyPathItem"},{"id":"Herkku_00000050","name":"Siemenet, pähkinät ja kuivatut hedelmät","slug":"kuivatuotteet-ja-leivonta-1/siemenet-pahkinat-ja-kuivatut-hedelmat","__typename":"HierarchyPathItem"},{"id":"Herkku_00000007","name":"Kuivatuotteet ja leivonta","slug":"kuivatuotteet-ja-leivonta-1","__typename":"HierarchyPathItem"}],"isGlobalFallback":null,"countryName":{"fi":"Italia","__typename":"CountryName"}},{"id":"7340191134553","ean":"7340191134553","name":"Rainbow pähkinä & karpalo sekoitus 200g","price":3.65,"storeId":725782447,"__typename":"Product","approxPrice":false,"basicQuantityUnit":"KPL","comparisonPrice":18.25,"comparisonUnit":"KGM","consumerPackageSize":null,"consumerPackageUnit":null,"priceUnit":"KPL","quantityMultiplier":1,"brandName":"Rainbow","slug":"rainbow-pahkina-and-karpalo-sekoitus-200g","isAgeLimitedByAlcohol":false,"frozen":false,"packagingLabels":[],"packagingLabelCodes":[],"hierarchyPath":[{"id":"Herkku_00000308","name":"Hedelmä-pähkinä sekoitukset","slug":"kuivatuotteet-ja-leivonta-1/siemenet-pahkinat-ja-kuivatut-hedelmat/hedelma-pahkina-sekoitukset","__typename":"HierarchyPathItem"},{"id":"Herkku_00000050","name":"Siemenet, pähkinät ja kuivatut hedelmät","slug":"kuivatuotteet-ja-leivonta-1/siemenet-pahkinat-ja-kuivatut-hedelmat","__typename":"HierarchyPathItem"},{"id":"Herkku_00000007","name":"Kuivatuotteet ja leivonta","slug":"kuivatuotteet-ja-leivonta-1","__typename":"HierarchyPathItem"}],"isGlobalFallback":null,"countryName":{"fi":"Yhdysvallat","__typename":"CountryName"}},{"id":"7340191134935","ean":"7340191134935","name":"Rainbow mango 100g","price":2.98,"storeId":725782447,"__typename":"Product","approxPrice":false,"basicQuantityUnit":"KPL","comparisonPrice":29.8,"comparisonUnit":"KGM","consumerPackageSize":null,"consumerPackageUnit":null,"priceUnit":"KPL","quantityMultiplier":1,"brandName":"Rainbow","slug":"rainbow-mango-100g","isAgeLimitedByAlcohol":false,"frozen":false,"packagingLabels":[],"packagingLabelCodes":[],"hierarchyPath":[{"id":"Herkku_00000306","name":"Kuivatut hedelmät ja marjat","slug":"kuivatuotteet-ja-leivonta-1/siemenet-pahkinat-ja-kuivatut-hedelmat/kuivatut-hedelmat-ja-marjat","__typename":"HierarchyPathItem"},{"id":"Herkku_00000050","name":"Siemenet, pähkinät ja kuivatut hedelmät","slug":"kuivatuotteet-ja-leivonta-1/siemenet-pahkinat-ja-kuivatut-hedelmat","__typename":"HierarchyPathItem"},{"id":"Herkku_00000007","name":"Kuivatuotteet ja leivonta","slug":"kuivatuotteet-ja-leivonta-1","__typename":"HierarchyPathItem"}],"isGlobalFallback":null,"countryName":{"fi":"Turkki","__typename":"CountryName"}},{"id":"7340191134966","ean":"7340191134966","name":"Rainbow Maissi 300g","price":1.25,"storeId":725782447,"__typename":"Product","approxPrice":false,"basicQuantityUnit":"KPL","comparisonPrice":4.39,"comparisonUnit":"PCE","consumerPackageSize":null,"consumerPackageUnit":null,"priceUnit":"KPL","quantityMultiplier":1,"brandName":"Rainbow","slug":"rainbow-maissi-300g","isAgeLimitedByAlcohol":false,"frozen":false,"packagingLabels":[],"packagingLabelCodes":[],"hierarchyPath":[{"id":"Herkku_00000357","name":"Kasvissäilykkeet","slug":"kuivatuotteet-ja-leivonta-1/sailykkeet/kasvissailykkeet","__typename":"HierarchyPathItem"},{"id":"Herkku_00000063","name":"Säilykkeet","slug":"kuivatuotteet-ja-leivonta-1/sailykkeet","__typename":"HierarchyPathItem"},{"id":"Herkku_00000007","name":"Kuivatuotteet ja leivonta","slug":"kuivatuotteet-ja-leivonta-1","__typename":"HierarchyPathItem"}],"isGlobalFallback":null,"countryName":{"fi":"Unkari","__typename":"CountryName"}},{"id":"7340191135000","ean":"7340191135000","name":"Rainbow maissinjyvät suolaliemessä 150g/140g","price":1.09,"storeId":725782447,"__typename":"Product","approxPrice":false,"basicQuantityUnit":"KPL","comparisonPrice":7.79,"comparisonUnit":"KGM","consumerPackageSize":null,"consumerPackageUnit":null,"priceUnit":"KPL","quantityMultiplier":1,"brandName":"Rainbow","slug":"rainbow-maissinjyvat-suolaliemessa-150g140g","isAgeLimitedByAlcohol":false,"frozen":false,"packagingLabels":[],"packagingLabelCodes":[],"hierarchyPath":[{"id":"Herkku_00000357","name":"Kasvissäilykkeet","slug":"kuivatuotteet-ja-leivonta-1/sailykkeet/kasvissailykkeet","__typename":"HierarchyPathItem"},{"id":"Herkku_00000063","name":"Säilykkeet","slug":"kuivatuotteet-ja-leivonta-1/sailykkeet","__typename":"HierarchyPathItem"},{"id":"Herkku_00000007","name":"Kuivatuotteet ja leivonta","slug":"kuivatuotteet-ja-leivonta-1","__typename":"HierarchyPathItem"}],"isGlobalFallback":null,"countryName":{"fi":"Unkari","__typename":"CountryName"}},{"id":"7340191135147","ean":"7340191135147","name":"Rainbow ananaspalat mehussa 227/140g","price":1.09,"storeId":725782447,"__typename":"Product","approxPrice":false,"basicQuantityUnit":"KPL","comparisonPrice":7.79,"comparisonUnit":"KGM","consumerPackageSize":null,"consumerPackageUnit":null,"priceUnit":"KPL","quantityMultiplier":1,"brandName":"Rainbow","slug":"rainbow-ananaspalat-mehussa-227140g","isAgeLimitedByAlcohol":false,"frozen":false,"packagingLabels":[],"packagingLabelCodes":[],"hierarchyPath":[{"id":"Herkku_00000353","name":"Hedelmäsäilykkeet","slug":"kuivatuotteet-ja-leivonta-1/sailykkeet/hedelmasailykkeet","__typename":"HierarchyPathItem"},{"id":"Herkku_00000063","name":"Säilykkeet","slug":"kuivatuotteet-ja-leivonta-1/sailykkeet","__typename":"HierarchyPathItem"},{"id":"Herkku_00000007","name":"Kuivatuotteet ja leivonta","slug":"kuivatuotteet-ja-leivonta-1","__typename":"HierarchyPathItem"}],"isGlobalFallback":null,"countryName":{"fi":"Thaimaa","__typename":"CountryName"}},{"id":"7340191135697","ean":"7340191135697","name":"Coop paseerattu tomaatti 500g","price":1.05,"storeId":725782447,"__typename":"Product","approxPrice":false,"basicQuantityUnit":"KPL","comparisonPrice":2.1,"comparisonUnit":"KGM","consumerPackageSize":null,"consumerPackageUnit":null,"priceUnit":"KPL","quantityMultiplier":1,"brandName":"Coop","slug":"coop-paseerattu-tomaatti-500g","isAgeLimitedByAlcohol":false,"frozen":false,"packagingLabels":[],"packagingLabelCodes":[],"hierarchyPath":[{"id":"Herkku_00000357","name":"Kasvissäilykkeet","slug":"kuivatuotteet-ja-leivonta-1/sailykkeet/kasvissailykkeet","__typename":"HierarchyPathItem"},{"id":"Herkku_00000063","name":"Säilykkeet","slug":"kuivatuotteet-ja-leivonta-1/sailykkeet","__typename":"HierarchyPathItem"},{"id":"Herkku_00000007","name":"Kuivatuotteet ja leivonta","slug":"kuivatuotteet-ja-leivonta-1","__typename":"HierarchyPathItem"}],"isGlobalFallback":null,"countryName":{"fi":"Italia","__typename":"CountryName"}},{"id":"7340191135796","ean":"7340191135796","name":"Coop paseerattu tomaatti 200g","price":0.59,"storeId":725782447,"__typename":"Product","approxPrice":false,"basicQuantityUnit":"KPL","comparisonPrice":2.95,"comparisonUnit":"KGM","consumerPackageSize":null,"consumerPackageUnit":null,"priceUnit":"KPL","quantityMultiplier":1,"brandName":"Coop","slug":"coop-paseerattu-tomaatti-200g","isAgeLimitedByAlcohol":false,"frozen":false,"packagingLabels":[],"packagingLabelCodes":[],"hierarchyPath":[{"id":"Herkku_00000357","name":"Kasvissäilykkeet","slug":"kuivatuotteet-ja-leivonta-1/sailykkeet/kasvissailykkeet","__typename":"HierarchyPathItem"},{"id":"Herkku_00000063","name":"Säilykkeet","slug":"kuivatuotteet-ja-leivonta-1/sailykkeet","__typename":"HierarchyPathItem"},{"id":"Herkku_00000007","name":"Kuivatuotteet ja leivonta","slug":"kuivatuotteet-ja-leivonta-1","__typename":"HierarchyPathItem"}],"isGlobalFallback":null,"countryName":{"fi":"Italia","__typename":"CountryName"}},{"id":"7340191137349","ean":"7340191137349","name":"Rainbow halloumi PDO 200g","price":3.85,"storeId":725782447,"__typename":"Product","approxPrice":false,"basicQuantityUnit":"KPL","comparisonPrice":19.25,"comparisonUnit":"KGM","consumerPackageSize":null,"consumerPackageUnit":null,"priceUnit":"KPL","quantityMultiplier":1,"brandName":"Rainbow","slug":"rainbow-halloumi-pdo-200g","isAgeLimitedByAlcohol":false,"frozen":false,"packagingLabels":[],"packagingLabelCodes":[],"hierarchyPath":[{"id":"1591691244827937","name":"Muut erikoisjuustot","slug":"juustot-0/ruoka-ja-herkuttelujuustot/muut-erikoisjuustot","__typename":"HierarchyPathItem"},{"id":"1591691244827915","name":"Ruoka- ja herkuttelujuustot","slug":"juustot-0/ruoka-ja-herkuttelujuustot","__typename":"HierarchyPathItem"},{"id":"Herkku_00000003","name":"Juustot","slug":"juustot-0","__typename":"HierarchyPathItem"}],"isGlobalFallback":null,"countryName":{"fi":"Kypros","__typename":"CountryName"}},{"id":"7350000550245","ean":"7350000550245","name":"Danone Activia Mansikkajogurtti - Ei Lisättyä Sokeria 4x125g","price":2.45,"storeId":725782447,"__typename":"Product","approxPrice":false,"basicQuantityUnit":"KPL","comparisonPrice":4.9,"comparisonUnit":"KGM","consumerPackageSize":null,"consumerPackageUnit":null,"priceUnit":"KPL","quantityMultiplier":1,"brandName":"Activia","slug":"danone-activia-mansikkajogurtti-ei-lisattya-sokeria-4x125g","isAgeLimitedByAlcohol":false,"frozen":false,"packagingLabels":[],"packagingLabelCodes":[],"hierarchyPath":[{"id":"1591691235643823","name":"Terveysvaikutteiset jogurtit","slug":"maito-munat-ja-rasvat-0/jogurtit/terveysvaikutteiset-jogurtit","__typename":"HierarchyPathItem"},{"id":"Herkku_00000118","name":"Jogurtit","slug":"maito-munat-ja-rasvat-0/jogurtit","__typename":"HierarchyPathItem"},{"id":"Herkku_00000006","name":"Maito, munat ja rasvat","slug":"maito-munat-ja-rasvat-0","__typename":"HierarchyPathItem"}],"isGlobalFallback":null,"countryName":{"fi":"Puola","__typename":"CountryName"}},{"id":"7350020720017","ean":"7350020720017","name":"Fazer Froosh Hedelmäsmoothie 250 ml Mango ja Appelsiini","price":2.65,"storeId":725782447,"__typename":"Product","approxPrice":false,"basicQuantityUnit":"KPL","comparisonPrice":10.2,"comparisonUnit":"LTR","consumerPackageSize":null,"consumerPackageUnit":null,"priceUnit":"KPL","quantityMultiplier":1,"brandName":"Froosh","slug":"fazer-froosh-hedelmasmoothie-250-ml-mango-ja-appelsiini","isAgeLimitedByAlcohol":false,"frozen":false,"packagingLabels":[],"packagingLabelCodes":[],"hierarchyPath":[{"id":"1591691224561857","name":"Smoothiet ja mehushotit","slug":"juomat-1/mehut/smoothiet-ja-mehushotit","__typename":"HierarchyPathItem"},{"id":"Herkku_00000120","name":"Mehut","slug":"juomat-1/mehut","__typename":"HierarchyPathItem"},{"id":"Herkku_00000005","name":"Juomat","slug":"juomat-1","__typename":"HierarchyPathItem"}],"isGlobalFallback":null,"countryName":{"fi":"Ruotsi","__typename":"CountryName"}},{"id":"7350020720024","ean":"7350020720024","name":"Fazer Froosh Hedelmä- ja marjasmoothie 250 ml Mustikka ja Vadelma","price":2.65,"storeId":725782447,"__typename":"Product","approxPrice":false,"basicQuantityUnit":"KPL","comparisonPrice":10.2,"comparisonUnit":"LTR","consumerPackageSize":null,"consumerPackageUnit":null,"priceUnit":"KPL","quantityMultiplier":1,"brandName":"Froosh","slug":"fazer-froosh-hedelma-ja-marjasmoothie-250-ml-mustikka-ja-vadelma","isAgeLimitedByAlcohol":false,"frozen":false,"packagingLabels":[],"packagingLabelCodes":[],"hierarchyPath":[{"id":"1591691224561857","name":"Smoothiet ja mehushotit","slug":"juomat-1/mehut/smoothiet-ja-mehushotit","__typename":"HierarchyPathItem"},{"id":"Herkku_00000120","name":"Mehut","slug":"juomat-1/mehut","__typename":"HierarchyPathItem"},{"id":"Herkku_00000005","name":"Juomat","slug":"juomat-1","__typename":"HierarchyPathItem"}],"isGlobalFallback":null,"countryName":{"fi":"Ruotsi","__typename":"CountryName"}},{"id":"7350028543540","ean":"7350028543540","name":"Naturdiet VLCD suklaa shake 330ml","price":2.15,"storeId":725782447,"__typename":"Product","approxPrice":false,"basicQuantityUnit":"KPL","comparisonPrice":6.52,"comparisonUnit":"LTR","consumerPackageSize":null,"consumerPackageUnit":null,"priceUnit":"KPL","quantityMultiplier":1,"brandName":"Naturdiet","slug":"naturdiet-vlcd-suklaa-shake-330ml","isAgeLimitedByAlcohol":false,"frozen":false,"packagingLabels":[],"packagingLabelCodes":[],"hierarchyPath":[{"id":"Herkku_00001007","name":"Lcd ateriankorvikejuomat","slug":"luontaistuotteet-ja-lisaravinteet-1/lcd-tuotteet/lcd-ateriankorvikejuomat","__typename":"HierarchyPathItem"},{"id":"Herkku_00000166","name":"Lcd-tuotteet","slug":"luontaistuotteet-ja-lisaravinteet-1/lcd-tuotteet","__typename":"HierarchyPathItem"},{"id":"Herkku_00000016","name":"Luontaistuotteet ja lisäravinteet","slug":"luontaistuotteet-ja-lisaravinteet-1","__typename":"HierarchyPathItem"}],"isGlobalFallback":null,"countryName":{"fi":"Saksa","__typename":"CountryName"}},{"id":"7350028543564","ean":"7350028543564","name":"Naturdiet VLCD suklaa-banaani shake 330ml","price":2.15,"storeId":725782447,"__typename":"Product","approxPrice":false,"basicQuantityUnit":"KPL","comparisonPrice":6.52,"comparisonUnit":"LTR","consumerPackageSize":null,"consumerPackageUnit":null,"priceUnit":"KPL","quantityMultiplier":1,"brandName":"Naturdiet","slug":"naturdiet-vlcd-suklaa-banaani-shake-330ml","isAgeLimitedByAlcohol":false,"frozen":false,"packagingLabels":[],"packagingLabelCodes":[],"hierarchyPath":[{"id":"Herkku_00001007","name":"Lcd ateriankorvikejuomat","slug":"luontaistuotteet-ja-lisaravinteet-1/lcd-tuotteet/lcd-ateriankorvikejuomat","__typename":"HierarchyPathItem"},{"id":"Herkku_00000166","name":"Lcd-tuotteet","slug":"luontaistuotteet-ja-lisaravinteet-1/lcd-tuotteet","__typename":"HierarchyPathItem"},{"id":"Herkku_00000016","name":"Luontaistuotteet ja lisäravinteet","slug":"luontaistuotteet-ja-lisaravinteet-1","__typename":"HierarchyPathItem"}],"isGlobalFallback":null,"countryName":{"fi":"Saksa","__typename":"CountryName"}},{"id":"7350028543762","ean":"7350028543762","name":"Friggs Gluteeniton Maissikakku Chiansiemenet & merisuola 130g","price":3.15,"storeId":725782447,"__typename":"Product","approxPrice":false,"basicQuantityUnit":"KPL","comparisonPrice":24.23,"comparisonUnit":"KGM","consumerPackageSize":null,"consumerPackageUnit":null,"priceUnit":"KPL","quantityMultiplier":1,"brandName":"Friggs","slug":"friggs-gluteeniton-maissikakku-chiansiemenet-and-merisuola-130g","isAgeLimitedByAlcohol":false,"frozen":false,"packagingLabels":["Nyckelhalet"],"packagingLabelCodes":["NYCKELHALET"],"hierarchyPath":[{"id":"Herkku_00000315","name":"Riisikakut","slug":"leivat-keksit-ja-leivonnaiset-1/nakkileivat-ja-hapankorput/riisikakut","__typename":"HierarchyPathItem"},{"id":"Herkku_00000052","name":"Näkkileivät ja hapankorput","slug":"leivat-keksit-ja-leivonnaiset-1/nakkileivat-ja-hapankorput","__typename":"HierarchyPathItem"},{"id":"Herkku_00000008","name":"Leivät, keksit ja leivonnaiset","slug":"leivat-keksit-ja-leivonnaiset-1","__typename":"HierarchyPathItem"}],"isGlobalFallback":null,"countryName":{"fi":"Puola","__typename":"CountryName"}},{"id":"7350028543779","ean":"7350028543779","name":"Friggs Gluteeniton Maissikakku Pellavansiemenet & rosmariini 130g","price":2.89,"storeId":725782447,"__typename":"Product","approxPrice":false,"basicQuantityUnit":"KPL","comparisonPrice":22.23,"comparisonUnit":"KGM","consumerPackageSize":null,"consumerPackageUnit":null,"priceUnit":"KPL","quantityMultiplier":1,"brandName":"Friggs","slug":"friggs-gluteeniton-maissikakku-pellavansiemenet-and-rosmariini-130g","isAgeLimitedByAlcohol":false,"frozen":false,"packagingLabels":["Nyckelhalet"],"packagingLabelCodes":["NYCKELHALET"],"hierarchyPath":[{"id":"Herkku_00000315","name":"Riisikakut","slug":"leivat-keksit-ja-leivonnaiset-1/nakkileivat-ja-hapankorput/riisikakut","__typename":"HierarchyPathItem"},{"id":"Herkku_00000052","name":"Näkkileivät ja hapankorput","slug":"leivat-keksit-ja-leivonnaiset-1/nakkileivat-ja-hapankorput","__typename":"HierarchyPathItem"},{"id":"Herkku_00000008","name":"Leivät, keksit ja leivonnaiset","slug":"leivat-keksit-ja-leivonnaiset-1","__typename":"HierarchyPathItem"}],"isGlobalFallback":null,"countryName":{"fi":"Puola","__typename":"CountryName"}},{"id":"7350028545094","ean":"7350028545094","name":"Friggs Gluteeniton Juusto Maissikakku 125g","price":2.49,"storeId":725782447,"__typename":"Product","approxPrice":false,"basicQuantityUnit":"KPL","comparisonPrice":19.92,"comparisonUnit":"KGM","consumerPackageSize":null,"consumerPackageUnit":null,"priceUnit":"KPL","quantityMultiplier":1,"brandName":"Friggs","slug":"friggs-gluteeniton-juusto-maissikakku-125g","isAgeLimitedByAlcohol":false,"frozen":false,"packagingLabels":[],"packagingLabelCodes":[],"hierarchyPath":[{"id":"Herkku_00000315","name":"Riisikakut","slug":"leivat-keksit-ja-leivonnaiset-1/nakkileivat-ja-hapankorput/riisikakut","__typename":"HierarchyPathItem"},{"id":"Herkku_00000052","name":"Näkkileivät ja hapankorput","slug":"leivat-keksit-ja-leivonnaiset-1/nakkileivat-ja-hapankorput","__typename":"HierarchyPathItem"},{"id":"Herkku_00000008","name":"Leivät, keksit ja leivonnaiset","slug":"leivat-keksit-ja-leivonnaiset-1","__typename":"HierarchyPathItem"}],"isGlobalFallback":null,"countryName":{"fi":"Belgia","__typename":"CountryName"}},{"id":"7350028546381","ean":"7350028546381","name":"Friggs 1000mg C-vitamiini minttu lime poretabletti 20kpl","price":2.15,"storeId":725782447,"__typename":"Product","approxPrice":false,"basicQuantityUnit":"KPL","comparisonPrice":0.11,"comparisonUnit":"PCE","consumerPackageSize":null,"consumerPackageUnit":null,"priceUnit":"KPL","quantityMultiplier":1,"brandName":"Friggs","slug":"friggs-1000mg-c-vitamiini-minttu-lime-poretabletti-20kpl","isAgeLimitedByAlcohol":false,"frozen":false,"packagingLabels":[],"packagingLabelCodes":[],"hierarchyPath":[{"id":"Herkku_00001042","name":"C-vitamiinit","slug":"luontaistuotteet-ja-lisaravinteet-1/vitamiinit/c-vitamiinit","__typename":"HierarchyPathItem"},{"id":"Herkku_00000177","name":"Vitamiinit","slug":"luontaistuotteet-ja-lisaravinteet-1/vitamiinit","__typename":"HierarchyPathItem"},{"id":"Herkku_00000016","name":"Luontaistuotteet ja lisäravinteet","slug":"luontaistuotteet-ja-lisaravinteet-1","__typename":"HierarchyPathItem"}],"isGlobalFallback":null,"countryName":{"fi":"Unkari","__typename":"CountryName"}},{"id":"7350028546411","ean":"7350028546411","name":"Friggs Gluteeniton Popcorn Maissikakku 125g","price":2.49,"storeId":725782447,"__typename":"Product","approxPrice":false,"basicQuantityUnit":"KPL","comparisonPrice":19.92,"comparisonUnit":"KGM","consumerPackageSize":null,"consumerPackageUnit":null,"priceUnit":"KPL","quantityMultiplier":1,"brandName":"Friggs","slug":"friggs-gluteeniton-popcorn-maissikakku-125g","isAgeLimitedByAlcohol":false,"frozen":false,"packagingLabels":["Gluteeniton elintarvike (yliviivattu tähkä)"],"packagingLabelCodes":["CROSSED_GRAIN_SYMBOL"],"hierarchyPath":[{"id":"Herkku_00000315","name":"Riisikakut","slug":"leivat-keksit-ja-leivonnaiset-1/nakkileivat-ja-hapankorput/riisikakut","__typename":"HierarchyPathItem"},{"id":"Herkku_00000052","name":"Näkkileivät ja hapankorput","slug":"leivat-keksit-ja-leivonnaiset-1/nakkileivat-ja-hapankorput","__typename":"HierarchyPathItem"},{"id":"Herkku_00000008","name":"Leivät, keksit ja leivonnaiset","slug":"leivat-keksit-ja-leivonnaiset-1","__typename":"HierarchyPathItem"}],"isGlobalFallback":null,"countryName":{"fi":"Belgia","__typename":"CountryName"}},{"id":"7350028546640","ean":"7350028546640","name":"Friggs Gluteeniton Ranch Maissikakku 125g","price":2.49,"storeId":725782447,"__typename":"Product","approxPrice":false,"basicQuantityUnit":"KPL","comparisonPrice":19.92,"comparisonUnit":"KGM","consumerPackageSize":null,"consumerPackageUnit":null,"priceUnit":"KPL","quantityMultiplier":1,"brandName":"Friggs","slug":"friggs-gluteeniton-ranch-maissikakku-125g","isAgeLimitedByAlcohol":false,"frozen":false,"packagingLabels":["Gluteeniton elintarvike (yliviivattu tähkä)"],"packagingLabelCodes":["CROSSED_GRAIN_SYMBOL"],"hierarchyPath":[{"id":"Herkku_00000315","name":"Riisikakut","slug":"leivat-keksit-ja-leivonnaiset-1/nakkileivat-ja-hapankorput/riisikakut","__typename":"HierarchyPathItem"},{"id":"Herkku_00000052","name":"Näkkileivät ja hapankorput","slug":"leivat-keksit-ja-leivonnaiset-1/nakkileivat-ja-hapankorput","__typename":"HierarchyPathItem"},{"id":"Herkku_00000008","name":"Leivät, keksit ja leivonnaiset","slug":"leivat-keksit-ja-leivonnaiset-1","__typename":"HierarchyPathItem"}],"isGlobalFallback":null,"countryName":{"fi":"Belgia","__typename":"CountryName"}},{"id":"7350037194528","ean":"7350037194528","name":"Peas of Heaven herneproteiini chic burger vegaaninen 220g","price":5.29,"storeId":725782447,"__typename":"Product","approxPrice":false,"basicQuantityUnit":"KPL","comparisonPrice":24.05,"comparisonUnit":"KGM","consumerPackageSize":null,"consumerPackageUnit":null,"priceUnit":"KPL","quantityMultiplier":1,"brandName":"Peas of Heaven","slug":"peas-of-heaven-herneproteiini-chic-burger-vegaaninen-220g","isAgeLimitedByAlcohol":false,"frozen":false,"packagingLabels":[],"packagingLabelCodes":[],"hierarchyPath":[{"id":"Herkku_00000580","name":"Muut jauhelihat","slug":"liha-ja-kasviproteiinit-1/jauheliha/muut-jauhelihat","__typename":"HierarchyPathItem"},{"id":"Herkku_00000109","name":"Jauheliha","slug":"liha-ja-kasviproteiinit-1/jauheliha","__typename":"HierarchyPathItem"},{"id":"Herkku_00000014","name":"Liha ja kasviproteiinit","slug":"liha-ja-kasviproteiinit-1","__typename":"HierarchyPathItem"}],"isGlobalFallback":null,"countryName":{"fi":"Ruotsi","__typename":"CountryName"}},{"id":"7350037194573","ean":"7350037194573","name":"Peas of Heaven herneproteiini prinssinakki vegaaninen 250g","price":5.49,"storeId":725782447,"__typename":"Product","approxPrice":false,"basicQuantityUnit":"KPL","comparisonPrice":21.96,"comparisonUnit":"KGM","consumerPackageSize":null,"consumerPackageUnit":null,"priceUnit":"KPL","quantityMultiplier":1,"brandName":"Peas of Heaven","slug":"peas-of-heaven-herneproteiini-prinssinakki-vegaaninen-250g","isAgeLimitedByAlcohol":false,"frozen":false,"packagingLabels":[],"packagingLabelCodes":[],"hierarchyPath":[{"id":"1591691245533167","name":"Nakit","slug":"liha-ja-kasviproteiinit-1/makkarat-nakit-ja-pekonit/nakit","__typename":"HierarchyPathItem"},{"id":"1591691245533161","name":"Makkarat, nakit ja pekonit","slug":"liha-ja-kasviproteiinit-1/makkarat-nakit-ja-pekonit","__typename":"HierarchyPathItem"},{"id":"Herkku_00000014","name":"Liha ja kasviproteiinit","slug":"liha-ja-kasviproteiinit-1","__typename":"HierarchyPathItem"}],"isGlobalFallback":null,"countryName":{"fi":"Ruotsi","__typename":"CountryName"}},{"id":"7350040162910","ean":"7350040162910","name":"Nutisal Sporty Mix pähkinäsekoitus 60g","price":2.19,"storeId":725782447,"__typename":"Product","approxPrice":false,"basicQuantityUnit":"KPL","comparisonPrice":36.5,"comparisonUnit":"KGM","consumerPackageSize":null,"consumerPackageUnit":null,"priceUnit":"KPL","quantityMultiplier":1,"brandName":"Nutisal","slug":"nutisal-sporty-mix-pahkinasekoitus-60g","isAgeLimitedByAlcohol":false,"frozen":false,"packagingLabels":[],"packagingLabelCodes":[],"hierarchyPath":[{"id":"Herkku_00000308","name":"Hedelmä-pähkinä sekoitukset","slug":"kuivatuotteet-ja-leivonta-1/siemenet-pahkinat-ja-kuivatut-hedelmat/hedelma-pahkina-sekoitukset","__typename":"HierarchyPathItem"},{"id":"Herkku_00000050","name":"Siemenet, pähkinät ja kuivatut hedelmät","slug":"kuivatuotteet-ja-leivonta-1/siemenet-pahkinat-ja-kuivatut-hedelmat","__typename":"HierarchyPathItem"},{"id":"Herkku_00000007","name":"Kuivatuotteet ja leivonta","slug":"kuivatuotteet-ja-leivonta-1","__typename":"HierarchyPathItem"}],"isGlobalFallback":null,"countryName":{"fi":"Italia","__typename":"CountryName"}},{"id":"7350042710515","ean":"7350042710515","name":"500ml Vitamin Well Reload, sitruunan & limen makuinen, vitaminoitu hiilihapoton juoma","price":2.99,"storeId":725782447,"__typename":"Product","approxPrice":false,"basicQuantityUnit":"KPL","comparisonPrice":5.58,"comparisonUnit":"LTR","consumerPackageSize":null,"consumerPackageUnit":null,"priceUnit":"KPL","quantityMultiplier":1,"brandName":"Vitamin Well","slug":"500ml-vitamin-well-reload-sitruunan-and-limen-makuinen-vitaminoitu-hiilihapoton-juoma","isAgeLimitedByAlcohol":false,"frozen":false,"packagingLabels":[],"packagingLabelCodes":[],"hierarchyPath":[{"id":"Herkku_00000854","name":"Hyvinvointivedet","slug":"juomat-1/vedet/hyvinvointivedet","__typename":"HierarchyPathItem"},{"id":"Herkku_00000141","name":"Vedet","slug":"juomat-1/vedet","__typename":"HierarchyPathItem"},{"id":"Herkku_00000005","name":"Juomat","slug":"juomat-1","__typename":"HierarchyPathItem"}],"isGlobalFallback":null,"countryName":{"fi":"Alankomaat","__typename":"CountryName"}},{"id":"7350071471265","ean":"7350071471265","name":"40g Smiling Fruit Balls Pineapple Mango + Lime","price":2.59,"storeId":725782447,"__typename":"Product","approxPrice":false,"basicQuantityUnit":"KPL","comparisonPrice":64.75,"comparisonUnit":"KGM","consumerPackageSize":null,"consumerPackageUnit":null,"priceUnit":"KPL","quantityMultiplier":1,"brandName":"Smiling","slug":"40g-smiling-fruit-balls-pineapple-mango-lime","isAgeLimitedByAlcohol":false,"frozen":false,"packagingLabels":["Reilu Kauppa"],"packagingLabelCodes":["FAIR_TRADE_MARK"],"hierarchyPath":[{"id":"Herkku_00000306","name":"Kuivatut hedelmät ja marjat","slug":"kuivatuotteet-ja-leivonta-1/siemenet-pahkinat-ja-kuivatut-hedelmat/kuivatut-hedelmat-ja-marjat","__typename":"HierarchyPathItem"},{"id":"Herkku_00000050","name":"Siemenet, pähkinät ja kuivatut hedelmät","slug":"kuivatuotteet-ja-leivonta-1/siemenet-pahkinat-ja-kuivatut-hedelmat","__typename":"HierarchyPathItem"},{"id":"Herkku_00000007","name":"Kuivatuotteet ja leivonta","slug":"kuivatuotteet-ja-leivonta-1","__typename":"HierarchyPathItem"}],"isGlobalFallback":null,"countryName":{"fi":"Ghana","__typename":"CountryName"}},{"id":"7350071471418","ean":"7350071471418","name":"50g Smiling Cashew nuts Sea Salt ORGANIC","price":2.79,"storeId":725782447,"__typename":"Product","approxPrice":false,"basicQuantityUnit":"KPL","comparisonPrice":55.8,"comparisonUnit":"KGM","consumerPackageSize":null,"consumerPackageUnit":null,"priceUnit":"KPL","quantityMultiplier":1,"brandName":"Smiling","slug":"50g-smiling-cashew-nuts-sea-salt-organic","isAgeLimitedByAlcohol":false,"frozen":false,"packagingLabels":["EU:n luomutunnus (lehti)"," Reilu Kauppa"],"packagingLabelCodes":["EU_ORGANIC_FARMING"," FAIR_TRADE_MARK"],"hierarchyPath":[{"id":"Herkku_00000305","name":"Pähkinät","slug":"kuivatuotteet-ja-leivonta-1/siemenet-pahkinat-ja-kuivatut-hedelmat/pahkinat","__typename":"HierarchyPathItem"},{"id":"Herkku_00000050","name":"Siemenet, pähkinät ja kuivatut hedelmät","slug":"kuivatuotteet-ja-leivonta-1/siemenet-pahkinat-ja-kuivatut-hedelmat","__typename":"HierarchyPathItem"},{"id":"Herkku_00000007","name":"Kuivatuotteet ja leivonta","slug":"kuivatuotteet-ja-leivonta-1","__typename":"HierarchyPathItem"}],"isGlobalFallback":null,"countryName":{"fi":"Burkina Faso","__typename":"CountryName"}},{"id":"7350071471425","ean":"7350071471425","name":"40g Smiling Fruit Balls Mango Passion","price":2.59,"storeId":725782447,"__typename":"Product","approxPrice":false,"basicQuantityUnit":"KPL","comparisonPrice":64.75,"comparisonUnit":"KGM","consumerPackageSize":null,"consumerPackageUnit":null,"priceUnit":"KPL","quantityMultiplier":1,"brandName":"Smiling","slug":"40g-smiling-fruit-balls-mango-passion","isAgeLimitedByAlcohol":false,"frozen":false,"packagingLabels":["Reilu Kauppa"],"packagingLabelCodes":["FAIR_TRADE_MARK"],"hierarchyPath":[{"id":"Herkku_00000306","name":"Kuivatut hedelmät ja marjat","slug":"kuivatuotteet-ja-leivonta-1/siemenet-pahkinat-ja-kuivatut-hedelmat/kuivatut-hedelmat-ja-marjat","__typename":"HierarchyPathItem"},{"id":"Herkku_00000050","name":"Siemenet, pähkinät ja kuivatut hedelmät","slug":"kuivatuotteet-ja-leivonta-1/siemenet-pahkinat-ja-kuivatut-hedelmat","__typename":"HierarchyPathItem"},{"id":"Herkku_00000007","name":"Kuivatuotteet ja leivonta","slug":"kuivatuotteet-ja-leivonta-1","__typename":"HierarchyPathItem"}],"isGlobalFallback":null,"countryName":{"fi":"Ghana","__typename":"CountryName"}},{"id":"7350126081173","ean":"7350126081173","name":"Abba sinappisilli 230g","price":3.69,"storeId":725782447,"__typename":"Product","approxPrice":false,"basicQuantityUnit":"KPL","comparisonPrice":16.04,"comparisonUnit":"KGM","consumerPackageSize":null,"consumerPackageUnit":null,"priceUnit":"KPL","quantityMultiplier":1,"brandName":"Abba","slug":"abba-sinappisilli-230g","isAgeLimitedByAlcohol":false,"frozen":false,"packagingLabels":[],"packagingLabelCodes":[],"hierarchyPath":[{"id":"StructureGroup_198285811029","name":"Sillit ja silakat","slug":"kala-ja-merenelavat-1/kala/sillit-ja-silakat","__typename":"HierarchyPathItem"},{"id":"StructureGroup_198285810979","name":"Kala","slug":"kala-ja-merenelavat-1/kala","__typename":"HierarchyPathItem"},{"id":"Herkku_00000004","name":"Kala ja merenelävät","slug":"kala-ja-merenelavat-1","__typename":"HierarchyPathItem"}],"isGlobalFallback":null,"countryName":{"fi":"Ruotsi","__typename":"CountryName"}},{"id":"7391704803091","ean":"7391704803091","name":"Wettex Soft & Fresh rulla 3m","price":4.99,"storeId":725782447,"__typename":"Product","approxPrice":false,"basicQuantityUnit":"KPL","comparisonPrice":4.99,"comparisonUnit":"PCE","consumerPackageSize":null,"consumerPackageUnit":null,"priceUnit":"KPL","quantityMultiplier":1,"brandName":"Wettex","slug":"wettex-soft-and-fresh-rulla-3m","isAgeLimitedByAlcohol":false,"frozen":false,"packagingLabels":[],"packagingLabelCodes":[],"hierarchyPath":[{"id":"1591691234596271","name":"Tiskirätit ja sienet","slug":"kodinhoito-ja-taloustarvikkeet/astianpesu/tiskiratit-ja-sienet","__typename":"HierarchyPathItem"},{"id":"1591691234596262","name":"Astianpesu","slug":"kodinhoito-ja-taloustarvikkeet/astianpesu","__typename":"HierarchyPathItem"},{"id":"1591691234596256","name":"Kodinhoito ja taloustarvikkeet","slug":"kodinhoito-ja-taloustarvikkeet","__typename":"HierarchyPathItem"}],"isGlobalFallback":null,"countryName":{"fi":"Ruotsi","__typename":"CountryName"}},{"id":"7391814006368","ean":"7391814006368","name":"Exotic Snacks Kuoritut Pistaasipähkinät Naturel 50g","price":3.25,"storeId":725782447,"__typename":"Product","approxPrice":false,"basicQuantityUnit":"KPL","comparisonPrice":65,"comparisonUnit":"KGM","consumerPackageSize":null,"consumerPackageUnit":null,"priceUnit":"KPL","quantityMultiplier":1,"brandName":"Exotic Snacks","slug":"exotic-snacks-kuoritut-pistaasipahkinat-naturel-50g","isAgeLimitedByAlcohol":false,"frozen":false,"packagingLabels":[],"packagingLabelCodes":[],"hierarchyPath":[{"id":"Herkku_00000305","name":"Pähkinät","slug":"kuivatuotteet-ja-leivonta-1/siemenet-pahkinat-ja-kuivatut-hedelmat/pahkinat","__typename":"HierarchyPathItem"},{"id":"Herkku_00000050","name":"Siemenet, pähkinät ja kuivatut hedelmät","slug":"kuivatuotteet-ja-leivonta-1/siemenet-pahkinat-ja-kuivatut-hedelmat","__typename":"HierarchyPathItem"},{"id":"Herkku_00000007","name":"Kuivatuotteet ja leivonta","slug":"kuivatuotteet-ja-leivonta-1","__typename":"HierarchyPathItem"}],"isGlobalFallback":null,"countryName":{"fi":"Alankomaat","__typename":"CountryName"}},{"id":"7391814008232","ean":"7391814008232","name":"Exotic Snacks BARA Hedelmäpaloja joissa mansikka & vadelma & mustaherukka 55g","price":2.05,"storeId":725782447,"__typename":"Product","approxPrice":false,"basicQuantityUnit":"KPL","comparisonPrice":37.27,"comparisonUnit":"KGM","consumerPackageSize":null,"consumerPackageUnit":null,"priceUnit":"KPL","quantityMultiplier":1,"brandName":"Exotic Snacks","slug":"exotic-snacks-bara-hedelmapaloja-joissa-mansikka-and-vadelma-and-mustaherukka-55g","isAgeLimitedByAlcohol":false,"frozen":false,"packagingLabels":[],"packagingLabelCodes":[],"hierarchyPath":[{"id":"Herkku_00000306","name":"Kuivatut hedelmät ja marjat","slug":"kuivatuotteet-ja-leivonta-1/siemenet-pahkinat-ja-kuivatut-hedelmat/kuivatut-hedelmat-ja-marjat","__typename":"HierarchyPathItem"},{"id":"Herkku_00000050","name":"Siemenet, pähkinät ja kuivatut hedelmät","slug":"kuivatuotteet-ja-leivonta-1/siemenet-pahkinat-ja-kuivatut-hedelmat","__typename":"HierarchyPathItem"},{"id":"Herkku_00000007","name":"Kuivatuotteet ja leivonta","slug":"kuivatuotteet-ja-leivonta-1","__typename":"HierarchyPathItem"}],"isGlobalFallback":null,"countryName":{"fi":"Alankomaat","__typename":"CountryName"}},{"id":"7391814102121","ean":"7391814102121","name":"Exotic Snacks Viisi parasta ystävää 170g","price":3.89,"storeId":725782447,"__typename":"Product","approxPrice":false,"basicQuantityUnit":"KPL","comparisonPrice":22.88,"comparisonUnit":"KGM","consumerPackageSize":null,"consumerPackageUnit":null,"priceUnit":"KPL","quantityMultiplier":1,"brandName":"Exotic Snacks","slug":"exotic-snacks-viisi-parasta-ystavaa-170g","isAgeLimitedByAlcohol":false,"frozen":false,"packagingLabels":[],"packagingLabelCodes":[],"hierarchyPath":[{"id":"Herkku_00000305","name":"Pähkinät","slug":"kuivatuotteet-ja-leivonta-1/siemenet-pahkinat-ja-kuivatut-hedelmat/pahkinat","__typename":"HierarchyPathItem"},{"id":"Herkku_00000050","name":"Siemenet, pähkinät ja kuivatut hedelmät","slug":"kuivatuotteet-ja-leivonta-1/siemenet-pahkinat-ja-kuivatut-hedelmat","__typename":"HierarchyPathItem"},{"id":"Herkku_00000007","name":"Kuivatuotteet ja leivonta","slug":"kuivatuotteet-ja-leivonta-1","__typename":"HierarchyPathItem"}],"isGlobalFallback":null,"countryName":{"fi":"Alankomaat","__typename":"CountryName"}},{"id":"7391814243107","ean":"7391814243107","name":"Exotic Snacks Pinjansiemenet 50g","price":5.15,"storeId":725782447,"__typename":"Product","approxPrice":false,"basicQuantityUnit":"KPL","comparisonPrice":103,"comparisonUnit":"KGM","consumerPackageSize":null,"consumerPackageUnit":null,"priceUnit":"KPL","quantityMultiplier":1,"brandName":"Exotic Snacks","slug":"exotic-snacks-pinjansiemenet-50g","isAgeLimitedByAlcohol":false,"frozen":false,"packagingLabels":[],"packagingLabelCodes":[],"hierarchyPath":[{"id":"Herkku_00000307","name":"Siemenet","slug":"kuivatuotteet-ja-leivonta-1/siemenet-pahkinat-ja-kuivatut-hedelmat/siemenet","__typename":"HierarchyPathItem"},{"id":"Herkku_00000050","name":"Siemenet, pähkinät ja kuivatut hedelmät","slug":"kuivatuotteet-ja-leivonta-1/siemenet-pahkinat-ja-kuivatut-hedelmat","__typename":"HierarchyPathItem"},{"id":"Herkku_00000007","name":"Kuivatuotteet ja leivonta","slug":"kuivatuotteet-ja-leivonta-1","__typename":"HierarchyPathItem"}],"isGlobalFallback":null,"countryName":{"fi":"Alankomaat","__typename":"CountryName"}},{"id":"7392672104104","ean":"7392672104104","name":"Salakis 1kg Turkkilainen Jogurtti","price":4.25,"storeId":725782447,"__typename":"Product","approxPrice":false,"basicQuantityUnit":"KPL","comparisonPrice":4.25,"comparisonUnit":"KGM","consumerPackageSize":null,"consumerPackageUnit":null,"priceUnit":"KPL","quantityMultiplier":1,"brandName":"Salakis","slug":"salakis-1kg-turkkilainen-jogurtti","isAgeLimitedByAlcohol":false,"frozen":false,"packagingLabels":[],"packagingLabelCodes":[],"hierarchyPath":[{"id":"Herkku_00000711","name":"Ruoanvalmistusjogurtit","slug":"maito-munat-ja-rasvat-0/ruoanvalmistustuotteet/ruoanvalmistusjogurtit","__typename":"HierarchyPathItem"},{"id":"Herkku_00000124","name":"Ruoanvalmistustuotteet","slug":"maito-munat-ja-rasvat-0/ruoanvalmistustuotteet","__typename":"HierarchyPathItem"},{"id":"Herkku_00000006","name":"Maito, munat ja rasvat","slug":"maito-munat-ja-rasvat-0","__typename":"HierarchyPathItem"}],"isGlobalFallback":null,"countryName":{"fi":"Slovenia","__typename":"CountryName"}},{"id":"7393714290984","ean":"7393714290984","name":"Kopparberg Päärynä Light 0%, Alkoholiton päärynäsiideri tölkki 50cl","price":1.99,"storeId":725782447,"__typename":"Product","approxPrice":false,"basicQuantityUnit":"KPL","comparisonPrice":3.68,"comparisonUnit":"LTR","consumerPackageSize":null,"consumerPackageUnit":null,"priceUnit":"KPL","quantityMultiplier":1,"brandName":"Kopparberg","slug":"kopparberg-paaryna-light-0-alkoholiton-paarynasiideri-tolkki-50cl","isAgeLimitedByAlcohol":false,"frozen":false,"packagingLabels":[],"packagingLabelCodes":[],"hierarchyPath":[{"id":"1591691240635058","name":"Päärynäsiiderit","slug":"juomat-1/siiderit/paarynasiiderit","__typename":"HierarchyPathItem"},{"id":"Herkku_00000133","name":"Siiderit","slug":"juomat-1/siiderit","__typename":"HierarchyPathItem"},{"id":"Herkku_00000005","name":"Juomat","slug":"juomat-1","__typename":"HierarchyPathItem"}],"isGlobalFallback":null,"countryName":{"fi":"Ruotsi","__typename":"CountryName"}},{"id":"7393720092091","ean":"7393720092091","name":"Allerum Grevé 12 kk 28% 400g","price":8.19,"storeId":725782447,"__typename":"Product","approxPrice":false,"basicQuantityUnit":"KPL","comparisonPrice":20.47,"comparisonUnit":"KGM","consumerPackageSize":null,"consumerPackageUnit":null,"priceUnit":"KPL","quantityMultiplier":1,"brandName":"Allerum","slug":"allerum-greve-12-kk-28-400g","isAgeLimitedByAlcohol":false,"frozen":false,"packagingLabels":[],"packagingLabelCodes":[],"hierarchyPath":[{"id":"1591691244827920","name":"Emmental juustot","slug":"juustot-0/pala-ja-viipalejuustot/emmental-juustot","__typename":"HierarchyPathItem"},{"id":"1591691244827914","name":"Pala- ja viipalejuustot","slug":"juustot-0/pala-ja-viipalejuustot","__typename":"HierarchyPathItem"},{"id":"Herkku_00000003","name":"Juustot","slug":"juustot-0","__typename":"HierarchyPathItem"}],"isGlobalFallback":null,"countryName":{"fi":"Ruotsi","__typename":"CountryName"}},{"id":"7394376614804","ean":"7394376614804","name":"Oatly Kaurajuoma Suklaa 2,5dl","price":0.99,"storeId":725782447,"__typename":"Product","approxPrice":false,"basicQuantityUnit":"KPL","comparisonPrice":3.96,"comparisonUnit":"LTR","consumerPackageSize":null,"consumerPackageUnit":null,"priceUnit":"KPL","quantityMultiplier":1,"brandName":"Oatly","slug":"oatly-kaurajuoma-suklaa-2-5dl","isAgeLimitedByAlcohol":false,"frozen":false,"packagingLabels":[],"packagingLabelCodes":[],"hierarchyPath":[{"id":"Herkku_00000683","name":"Kaurajuomat","slug":"maito-munat-ja-rasvat-0/kasvipohjaiset-maitojuomat/kaurajuomat","__typename":"HierarchyPathItem"},{"id":"Herkku_00000123","name":"Kasvipohjaiset maitojuomat","slug":"maito-munat-ja-rasvat-0/kasvipohjaiset-maitojuomat","__typename":"HierarchyPathItem"},{"id":"Herkku_00000006","name":"Maito, munat ja rasvat","slug":"maito-munat-ja-rasvat-0","__typename":"HierarchyPathItem"}],"isGlobalFallback":null,"countryName":{"fi":"Ruotsi","__typename":"CountryName"}},{"id":"7394376615689","ean":"7394376615689","name":"Oatly Kaurajuoma Luomu 1L","price":1.95,"storeId":725782447,"__typename":"Product","approxPrice":false,"basicQuantityUnit":"KPL","comparisonPrice":1.95,"comparisonUnit":"LTR","consumerPackageSize":null,"consumerPackageUnit":null,"priceUnit":"KPL","quantityMultiplier":1,"brandName":"Oatly","slug":"oatly-kaurajuoma-luomu-1l","isAgeLimitedByAlcohol":false,"frozen":false,"packagingLabels":["EU:n luomutunnus (lehti)"],"packagingLabelCodes":["EU_ORGANIC_FARMING"],"hierarchyPath":[{"id":"Herkku_00000683","name":"Kaurajuomat","slug":"maito-munat-ja-rasvat-0/kasvipohjaiset-maitojuomat/kaurajuomat","__typename":"HierarchyPathItem"},{"id":"Herkku_00000123","name":"Kasvipohjaiset maitojuomat","slug":"maito-munat-ja-rasvat-0/kasvipohjaiset-maitojuomat","__typename":"HierarchyPathItem"},{"id":"Herkku_00000006","name":"Maito, munat ja rasvat","slug":"maito-munat-ja-rasvat-0","__typename":"HierarchyPathItem"}],"isGlobalFallback":null,"countryName":{"fi":"Ruotsi","__typename":"CountryName"}},{"id":"7394376615696","ean":"7394376615696","name":"Oatly Kaurajuoma Kalsium 1L","price":1.59,"storeId":725782447,"__typename":"Product","approxPrice":false,"basicQuantityUnit":"KPL","comparisonPrice":1.59,"comparisonUnit":"LTR","consumerPackageSize":null,"consumerPackageUnit":null,"priceUnit":"KPL","quantityMultiplier":1,"brandName":"Oatly","slug":"oatly-kaurajuoma-kalsium-1l","isAgeLimitedByAlcohol":false,"frozen":false,"packagingLabels":[],"packagingLabelCodes":[],"hierarchyPath":[{"id":"Herkku_00000683","name":"Kaurajuomat","slug":"maito-munat-ja-rasvat-0/kasvipohjaiset-maitojuomat/kaurajuomat","__typename":"HierarchyPathItem"},{"id":"Herkku_00000123","name":"Kasvipohjaiset maitojuomat","slug":"maito-munat-ja-rasvat-0/kasvipohjaiset-maitojuomat","__typename":"HierarchyPathItem"},{"id":"Herkku_00000006","name":"Maito, munat ja rasvat","slug":"maito-munat-ja-rasvat-0","__typename":"HierarchyPathItem"}],"isGlobalFallback":null,"countryName":{"fi":"Ruotsi","__typename":"CountryName"}},{"id":"7394376616020","ean":"7394376616020","name":"Oatly iMat Fraiche Ruokaan 2dl","price":2.49,"storeId":725782447,"__typename":"Product","approxPrice":false,"basicQuantityUnit":"KPL","comparisonPrice":12.45,"comparisonUnit":"LTR","consumerPackageSize":null,"consumerPackageUnit":null,"priceUnit":"KPL","quantityMultiplier":1,"brandName":"Oatly","slug":"oatly-imat-fraiche-ruokaan-2dl","isAgeLimitedByAlcohol":false,"frozen":false,"packagingLabels":[],"packagingLabelCodes":[],"hierarchyPath":[{"id":"Herkku_00000705","name":"Kasvipohjaiset ruoanvalmistustuotteet","slug":"maito-munat-ja-rasvat-0/ruoanvalmistustuotteet/kasvipohjaiset-ruoanvalmistustuotteet","__typename":"HierarchyPathItem"},{"id":"Herkku_00000124","name":"Ruoanvalmistustuotteet","slug":"maito-munat-ja-rasvat-0/ruoanvalmistustuotteet","__typename":"HierarchyPathItem"},{"id":"Herkku_00000006","name":"Maito, munat ja rasvat","slug":"maito-munat-ja-rasvat-0","__typename":"HierarchyPathItem"}],"isGlobalFallback":null,"countryName":{"fi":"Ruotsi","__typename":"CountryName"}},{"id":"7394376616037","ean":"7394376616037","name":"Oatly iKaffe kaurajuoma 1L","price":2.39,"storeId":725782447,"__typename":"Product","approxPrice":false,"basicQuantityUnit":"KPL","comparisonPrice":2.39,"comparisonUnit":"LTR","consumerPackageSize":null,"consumerPackageUnit":null,"priceUnit":"KPL","quantityMultiplier":1,"brandName":"Oatly","slug":"oatly-ikaffe-kaurajuoma-1l","isAgeLimitedByAlcohol":false,"frozen":false,"packagingLabels":["FSC-sertifikaatti (Forest Stewardship Council)"],"packagingLabelCodes":["FOREST_STEWARDSHIP_COUNCIL_LABEL"],"hierarchyPath":[{"id":"Herkku_00000683","name":"Kaurajuomat","slug":"maito-munat-ja-rasvat-0/kasvipohjaiset-maitojuomat/kaurajuomat","__typename":"HierarchyPathItem"},{"id":"Herkku_00000123","name":"Kasvipohjaiset maitojuomat","slug":"maito-munat-ja-rasvat-0/kasvipohjaiset-maitojuomat","__typename":"HierarchyPathItem"},{"id":"Herkku_00000006","name":"Maito, munat ja rasvat","slug":"maito-munat-ja-rasvat-0","__typename":"HierarchyPathItem"}],"isGlobalFallback":null,"countryName":{"fi":"Ruotsi","__typename":"CountryName"}},{"id":"7394376616327","ean":"7394376616327","name":"Oatly Oatspread maustamaton 150g","price":2.29,"storeId":725782447,"__typename":"Product","approxPrice":false,"basicQuantityUnit":"KPL","comparisonPrice":15.27,"comparisonUnit":"KGM","consumerPackageSize":null,"consumerPackageUnit":null,"priceUnit":"KPL","quantityMultiplier":1,"brandName":"Oatly","slug":"oatly-oatspread-maustamaton-150g","isAgeLimitedByAlcohol":false,"frozen":false,"packagingLabels":[],"packagingLabelCodes":[],"hierarchyPath":[{"id":"1591691244827941","name":"Muut kasvipohjaiset juustot","slug":"juustot-0/kasvipohjaiset-juustot/muut-kasvipohjaiset-juustot","__typename":"HierarchyPathItem"},{"id":"1591691244827917","name":"Kasvipohjaiset juustot","slug":"juustot-0/kasvipohjaiset-juustot","__typename":"HierarchyPathItem"},{"id":"Herkku_00000003","name":"Juustot","slug":"juustot-0","__typename":"HierarchyPathItem"}],"isGlobalFallback":null,"countryName":{"fi":"Ruotsi","__typename":"CountryName"}},{"id":"7394376616747","ean":"7394376616747","name":"Oatly Kaurajuoma Kylmäuutettu kahvi 235ml","price":2.49,"storeId":725782447,"__typename":"Product","approxPrice":false,"basicQuantityUnit":"KPL","comparisonPrice":10.6,"comparisonUnit":"LTR","consumerPackageSize":null,"consumerPackageUnit":null,"priceUnit":"KPL","quantityMultiplier":1,"brandName":"Oatly","slug":"oatly-kaurajuoma-kylmauutettu-kahvi-235ml","isAgeLimitedByAlcohol":false,"frozen":false,"packagingLabels":["FSC-sertifikaatti (Forest Stewardship Council)"],"packagingLabelCodes":["FOREST_STEWARDSHIP_COUNCIL_LABEL"],"hierarchyPath":[{"id":"Herkku_00000502","name":"Valmiit kahvijuomat","slug":"juomat-1/kahvit-ja-suodatinpaperit/valmiit-kahvijuomat","__typename":"HierarchyPathItem"},{"id":"Herkku_00000089","name":"Kahvit ja suodatinpaperit","slug":"juomat-1/kahvit-ja-suodatinpaperit","__typename":"HierarchyPathItem"},{"id":"Herkku_00000005","name":"Juomat","slug":"juomat-1","__typename":"HierarchyPathItem"}],"isGlobalFallback":null,"countryName":{"fi":"Ruotsi","__typename":"CountryName"}},{"id":"7394376618048","ean":"7394376618048","name":"Oatly iKaffe 0,5L","price":1.99,"storeId":725782447,"__typename":"Product","approxPrice":false,"basicQuantityUnit":"KPL","comparisonPrice":3.98,"comparisonUnit":"LTR","consumerPackageSize":null,"consumerPackageUnit":null,"priceUnit":"KPL","quantityMultiplier":1,"brandName":"Oatly","slug":"oatly-ikaffe-0-5l","isAgeLimitedByAlcohol":false,"frozen":false,"packagingLabels":["FSC-sertifikaatti (Forest Stewardship Council)"],"packagingLabelCodes":["FOREST_STEWARDSHIP_COUNCIL_LABEL"],"hierarchyPath":[{"id":"Herkku_00000683","name":"Kaurajuomat","slug":"maito-munat-ja-rasvat-0/kasvipohjaiset-maitojuomat/kaurajuomat","__typename":"HierarchyPathItem"},{"id":"Herkku_00000123","name":"Kasvipohjaiset maitojuomat","slug":"maito-munat-ja-rasvat-0/kasvipohjaiset-maitojuomat","__typename":"HierarchyPathItem"},{"id":"Herkku_00000006","name":"Maito, munat ja rasvat","slug":"maito-munat-ja-rasvat-0","__typename":"HierarchyPathItem"}],"isGlobalFallback":null,"countryName":{"fi":"Ruotsi","__typename":"CountryName"}},{"id":"7394376618314","ean":"7394376618314","name":"Oatly Vaniljajäätelö 0,5L","price":3.25,"storeId":725782447,"__typename":"Product","approxPrice":false,"basicQuantityUnit":"KPL","comparisonPrice":6.5,"comparisonUnit":"LTR","consumerPackageSize":null,"consumerPackageUnit":null,"priceUnit":"KPL","quantityMultiplier":1,"brandName":"Oatly","slug":"oatly-vaniljajaatelo-0-5l","isAgeLimitedByAlcohol":false,"frozen":true,"packagingLabels":[],"packagingLabelCodes":[],"hierarchyPath":[{"id":"1591691225905930","name":"Jäätelöpakkaukset","slug":"pakasteet-1/jaatelot/jaatelopakkaukset","__typename":"HierarchyPathItem"},{"id":"Herkku_00000130","name":"Jäätelöt","slug":"pakasteet-1/jaatelot","__typename":"HierarchyPathItem"},{"id":"Herkku_00000013","name":"Pakasteet","slug":"pakasteet-1","__typename":"HierarchyPathItem"}],"isGlobalFallback":null,"countryName":{"fi":"Ruotsi","__typename":"CountryName"}},{"id":"7610211080307","ean":"7610211080307","name":"Hermesetas 1200kpl Mini Sweeteners pöytämakeutusainetabletti","price":5.45,"storeId":725782447,"__typename":"Product","approxPrice":false,"basicQuantityUnit":"KPL","comparisonPrice":363.33,"comparisonUnit":"KGM","consumerPackageSize":null,"consumerPackageUnit":null,"priceUnit":"KPL","quantityMultiplier":1,"brandName":"Hermesetas","slug":"hermesetas-1200kpl-mini-sweeteners-poytamakeutusainetabletti","isAgeLimitedByAlcohol":false,"frozen":false,"packagingLabels":[],"packagingLabelCodes":[],"hierarchyPath":[{"id":"Herkku_00000450","name":"Makeutusaineet","slug":"kuivatuotteet-ja-leivonta-1/sokerit-makeutusaineet-ja-hunaja/makeutusaineet","__typename":"HierarchyPathItem"},{"id":"Herkku_00000084","name":"Sokerit, makeutusaineet ja hunaja","slug":"kuivatuotteet-ja-leivonta-1/sokerit-makeutusaineet-ja-hunaja","__typename":"HierarchyPathItem"},{"id":"Herkku_00000007","name":"Kuivatuotteet ja leivonta","slug":"kuivatuotteet-ja-leivonta-1","__typename":"HierarchyPathItem"}],"isGlobalFallback":null,"countryName":{"fi":"Sveitsi","__typename":"CountryName"}},{"id":"7610313410163","ean":"7610313410163","name":"Herbamare® Original 125g luomu yrttisuola","price":3.49,"storeId":725782447,"__typename":"Product","approxPrice":false,"basicQuantityUnit":"KPL","comparisonPrice":27.92,"comparisonUnit":"KGM","consumerPackageSize":null,"consumerPackageUnit":null,"priceUnit":"KPL","quantityMultiplier":1,"brandName":"Vogel","slug":"herbamarer-original-125g-luomu-yrttisuola","isAgeLimitedByAlcohol":false,"frozen":false,"packagingLabels":["EU:n luomutunnus (lehti)"],"packagingLabelCodes":["EU_ORGANIC_FARMING"],"hierarchyPath":[{"id":"Herkku_00000437","name":"Muut suolat","slug":"oljyt-mausteet-maustaminen-1/suolat/muut-suolat","__typename":"HierarchyPathItem"},{"id":"Herkku_00000080","name":"Suolat","slug":"oljyt-mausteet-maustaminen-1/suolat","__typename":"HierarchyPathItem"},{"id":"Herkku_00000011","name":"Öljyt, mausteet, maustaminen","slug":"oljyt-mausteet-maustaminen-1","__typename":"HierarchyPathItem"}],"isGlobalFallback":null,"countryName":{"fi":"Ranska","__typename":"CountryName"}},{"id":"7610313412150","ean":"7610313412150","name":"Herbamare® Original 250g luomu yrttisuola","price":5.35,"storeId":725782447,"__typename":"Product","approxPrice":false,"basicQuantityUnit":"KPL","comparisonPrice":21.4,"comparisonUnit":"KGM","consumerPackageSize":null,"consumerPackageUnit":null,"priceUnit":"KPL","quantityMultiplier":1,"brandName":"Herbamare","slug":"herbamarer-original-250g-luomu-yrttisuola","isAgeLimitedByAlcohol":false,"frozen":false,"packagingLabels":["EU:n luomutunnus (lehti)"],"packagingLabelCodes":["EU_ORGANIC_FARMING"],"hierarchyPath":[{"id":"Herkku_00000437","name":"Muut suolat","slug":"oljyt-mausteet-maustaminen-1/suolat/muut-suolat","__typename":"HierarchyPathItem"},{"id":"Herkku_00000080","name":"Suolat","slug":"oljyt-mausteet-maustaminen-1/suolat","__typename":"HierarchyPathItem"},{"id":"Herkku_00000011","name":"Öljyt, mausteet, maustaminen","slug":"oljyt-mausteet-maustaminen-1","__typename":"HierarchyPathItem"}],"isGlobalFallback":null,"countryName":{"fi":"Ranska","__typename":"CountryName"}},{"id":"7613030473381","ean":"7613030473381","name":"Gourmet 85g Perle Kanaa Mini Filets kastikkeessa kissanruoka","price":0.95,"storeId":725782447,"__typename":"Product","approxPrice":false,"basicQuantityUnit":"KPL","comparisonPrice":11.18,"comparisonUnit":"KGM","consumerPackageSize":null,"consumerPackageUnit":null,"priceUnit":"KPL","quantityMultiplier":1,"brandName":"Gourmet Perle","slug":"gourmet-85g-perle-kanaa-mini-filets-kastikkeessa-kissanruoka","isAgeLimitedByAlcohol":false,"frozen":false,"packagingLabels":[],"packagingLabelCodes":[],"hierarchyPath":[{"id":"Herkku_00000533","name":"Kissan kostea ruoka","slug":"lemmikit-1/kissanruoat/kissan-kostea-ruoka","__typename":"HierarchyPathItem"},{"id":"Herkku_00000101","name":"Kissanruoat","slug":"lemmikit-1/kissanruoat","__typename":"HierarchyPathItem"},{"id":"Herkku_00000012","name":"Lemmikit","slug":"lemmikit-1","__typename":"HierarchyPathItem"}],"isGlobalFallback":null,"countryName":{"fi":"Puola","__typename":"CountryName"}},{"id":"7613030473466","ean":"7613030473466","name":"Gourmet 85g Perle Lohta Mini Filets kastikkeessa kissanruoka","price":0.95,"storeId":725782447,"__typename":"Product","approxPrice":false,"basicQuantityUnit":"KPL","comparisonPrice":11.18,"comparisonUnit":"KGM","consumerPackageSize":null,"consumerPackageUnit":null,"priceUnit":"KPL","quantityMultiplier":1,"brandName":"Gourmet Perle","slug":"gourmet-85g-perle-lohta-mini-filets-kastikkeessa-kissanruoka","isAgeLimitedByAlcohol":false,"frozen":false,"packagingLabels":[],"packagingLabelCodes":[],"hierarchyPath":[{"id":"Herkku_00000533","name":"Kissan kostea ruoka","slug":"lemmikit-1/kissanruoat/kissan-kostea-ruoka","__typename":"HierarchyPathItem"},{"id":"Herkku_00000101","name":"Kissanruoat","slug":"lemmikit-1/kissanruoat","__typename":"HierarchyPathItem"},{"id":"Herkku_00000012","name":"Lemmikit","slug":"lemmikit-1","__typename":"HierarchyPathItem"}],"isGlobalFallback":null,"countryName":{"fi":"Puola","__typename":"CountryName"}},{"id":"7613030474418","ean":"7613030474418","name":"Gourmet 85g Perle Nautaa Mini Filets kastikkeessa kissanruoka","price":0.95,"storeId":725782447,"__typename":"Product","approxPrice":false,"basicQuantityUnit":"KPL","comparisonPrice":11.18,"comparisonUnit":"KGM","consumerPackageSize":null,"consumerPackageUnit":null,"priceUnit":"KPL","quantityMultiplier":1,"brandName":"Gourmet Perle","slug":"gourmet-85g-perle-nautaa-mini-filets-kastikkeessa-kissanruoka","isAgeLimitedByAlcohol":false,"frozen":false,"packagingLabels":[],"packagingLabelCodes":[],"hierarchyPath":[{"id":"Herkku_00000533","name":"Kissan kostea ruoka","slug":"lemmikit-1/kissanruoat/kissan-kostea-ruoka","__typename":"HierarchyPathItem"},{"id":"Herkku_00000101","name":"Kissanruoat","slug":"lemmikit-1/kissanruoat","__typename":"HierarchyPathItem"},{"id":"Herkku_00000012","name":"Lemmikit","slug":"lemmikit-1","__typename":"HierarchyPathItem"}],"isGlobalFallback":null,"countryName":{"fi":"Puola","__typename":"CountryName"}},{"id":"7613031570126","ean":"7613031570126","name":"Nestlé Nesquik Duo 325g kaakaomuroja ja valkoisella suklaalla kuorrutettuja muroja","price":3.99,"storeId":725782447,"__typename":"Product","approxPrice":false,"basicQuantityUnit":"KPL","comparisonPrice":12.28,"comparisonUnit":"KGM","consumerPackageSize":null,"consumerPackageUnit":null,"priceUnit":"KPL","quantityMultiplier":1,"brandName":"Nesquik","slug":"nestle-nesquik-duo-325g-kaakaomuroja-ja-valkoisella-suklaalla-kuorrutettuja-muroja","isAgeLimitedByAlcohol":false,"frozen":false,"packagingLabels":[],"packagingLabelCodes":[],"hierarchyPath":[{"id":"Herkku_00000316","name":"Murot","slug":"kuivatuotteet-ja-leivonta-1/hiutaleet-murot-ja-myslit/murot","__typename":"HierarchyPathItem"},{"id":"Herkku_00000053","name":"Hiutaleet, murot ja myslit","slug":"kuivatuotteet-ja-leivonta-1/hiutaleet-murot-ja-myslit","__typename":"HierarchyPathItem"},{"id":"Herkku_00000007","name":"Kuivatuotteet ja leivonta","slug":"kuivatuotteet-ja-leivonta-1","__typename":"HierarchyPathItem"}],"isGlobalFallback":null,"countryName":{"fi":"Ranska","__typename":"CountryName"}},{"id":"7613031582815","ean":"7613031582815","name":"Piltti 250g Spagetti Bolognese lastenateria 1-3v","price":1.59,"storeId":725782447,"__typename":"Product","approxPrice":false,"basicQuantityUnit":"KPL","comparisonPrice":6.36,"comparisonUnit":"KGM","consumerPackageSize":null,"consumerPackageUnit":null,"priceUnit":"KPL","quantityMultiplier":1,"brandName":"Piltti","slug":"piltti-250g-spagetti-bolognese-lastenateria-1-3v","isAgeLimitedByAlcohol":false,"frozen":false,"packagingLabels":["Avainlippu"],"packagingLabelCodes":["MADE_IN_FINLAND_FLAG_WITH_KEY"],"hierarchyPath":[{"id":"Herkku_00000388","name":"12+ kk ikäiset","slug":"lapset-1/lasten-ruoat/12+-kk-ikaiset","__typename":"HierarchyPathItem"},{"id":"Herkku_00000069","name":"Lasten ruoat","slug":"lapset-1/lasten-ruoat","__typename":"HierarchyPathItem"},{"id":"Herkku_00000010","name":"Lapset","slug":"lapset-1","__typename":"HierarchyPathItem"}],"isGlobalFallback":null,"countryName":{"fi":"Suomi","__typename":"CountryName"}},{"id":"7613032729547","ean":"7613032729547","name":"Latz 400g Countryside Sensations Nautaa, Kanaa ja makuna Kasviksia kissanruoka","price":1.95,"storeId":725782447,"__typename":"Product","approxPrice":false,"basicQuantityUnit":"KPL","comparisonPrice":4.88,"comparisonUnit":"KGM","consumerPackageSize":null,"consumerPackageUnit":null,"priceUnit":"KPL","quantityMultiplier":1,"brandName":"Latz","slug":"latz-400g-countryside-sensations-nautaa-kanaa-ja-makuna-kasviksia-kissanruoka","isAgeLimitedByAlcohol":false,"frozen":false,"packagingLabels":[],"packagingLabelCodes":[],"hierarchyPath":[{"id":"Herkku_00000536","name":"Kissan kuiva ruoka","slug":"lemmikit-1/kissanruoat/kissan-kuiva-ruoka","__typename":"HierarchyPathItem"},{"id":"Herkku_00000101","name":"Kissanruoat","slug":"lemmikit-1/kissanruoat","__typename":"HierarchyPathItem"},{"id":"Herkku_00000012","name":"Lemmikit","slug":"lemmikit-1","__typename":"HierarchyPathItem"}],"isGlobalFallback":null,"countryName":{"fi":"Unkari","__typename":"CountryName"}},{"id":"7613032729578","ean":"7613032729578","name":"Latz 400g Seaside Sensations Lohta ja makuna Kasviksia kissanruoka","price":1.95,"storeId":725782447,"__typename":"Product","approxPrice":false,"basicQuantityUnit":"KPL","comparisonPrice":4.88,"comparisonUnit":"KGM","consumerPackageSize":null,"consumerPackageUnit":null,"priceUnit":"KPL","quantityMultiplier":1,"brandName":"Latz","slug":"latz-400g-seaside-sensations-lohta-ja-makuna-kasviksia-kissanruoka","isAgeLimitedByAlcohol":false,"frozen":false,"packagingLabels":[],"packagingLabelCodes":[],"hierarchyPath":[{"id":"Herkku_00000536","name":"Kissan kuiva ruoka","slug":"lemmikit-1/kissanruoat/kissan-kuiva-ruoka","__typename":"HierarchyPathItem"},{"id":"Herkku_00000101","name":"Kissanruoat","slug":"lemmikit-1/kissanruoat","__typename":"HierarchyPathItem"},{"id":"Herkku_00000012","name":"Lemmikit","slug":"lemmikit-1","__typename":"HierarchyPathItem"}],"isGlobalFallback":null,"countryName":{"fi":"Unkari","__typename":"CountryName"}},{"id":"7613032872731","ean":"7613032872731","name":"Nescafé Original 100g pikakahvi","price":3.85,"storeId":725782447,"__typename":"Product","approxPrice":false,"basicQuantityUnit":"KPL","comparisonPrice":38.5,"comparisonUnit":"KGM","consumerPackageSize":null,"consumerPackageUnit":null,"priceUnit":"KPL","quantityMultiplier":1,"brandName":"Nescafé","slug":"nescafe-original-100g-pikakahvi","isAgeLimitedByAlcohol":false,"frozen":false,"packagingLabels":[],"packagingLabelCodes":[],"hierarchyPath":[{"id":"1591691250893282","name":"Pikakahvit","slug":"juomat-1/kahvit-ja-suodatinpaperit/pikakahvit","__typename":"HierarchyPathItem"},{"id":"Herkku_00000089","name":"Kahvit ja suodatinpaperit","slug":"juomat-1/kahvit-ja-suodatinpaperit","__typename":"HierarchyPathItem"},{"id":"Herkku_00000005","name":"Juomat","slug":"juomat-1","__typename":"HierarchyPathItem"}],"isGlobalFallback":null,"countryName":{"fi":"Espanja","__typename":"CountryName"}},{"id":"7613032948030","ean":"7613032948030","name":"Gourmet 85g Gold Kana Patee kissanruoka","price":0.84,"storeId":725782447,"__typename":"Product","approxPrice":false,"basicQuantityUnit":"KPL","comparisonPrice":9.88,"comparisonUnit":"KGM","consumerPackageSize":null,"consumerPackageUnit":null,"priceUnit":"KPL","quantityMultiplier":1,"brandName":"Gourmet Gold","slug":"gourmet-85g-gold-kana-patee-kissanruoka","isAgeLimitedByAlcohol":false,"frozen":false,"packagingLabels":[],"packagingLabelCodes":[],"hierarchyPath":[{"id":"Herkku_00000533","name":"Kissan kostea ruoka","slug":"lemmikit-1/kissanruoat/kissan-kostea-ruoka","__typename":"HierarchyPathItem"},{"id":"Herkku_00000101","name":"Kissanruoat","slug":"lemmikit-1/kissanruoat","__typename":"HierarchyPathItem"},{"id":"Herkku_00000012","name":"Lemmikit","slug":"lemmikit-1","__typename":"HierarchyPathItem"}],"isGlobalFallback":null,"countryName":{"fi":"Ranska","__typename":"CountryName"}},{"id":"7613034004321","ean":"7613034004321","name":"Piltti 90g Päärynäinen hedelmäsose 4kk annospussi","price":1.15,"storeId":725782447,"__typename":"Product","approxPrice":false,"basicQuantityUnit":"KPL","comparisonPrice":12.78,"comparisonUnit":"KGM","consumerPackageSize":null,"consumerPackageUnit":null,"priceUnit":"KPL","quantityMultiplier":1,"brandName":"Piltti","slug":"piltti-90g-paarynainen-hedelmasose-4kk-annospussi","isAgeLimitedByAlcohol":false,"frozen":false,"packagingLabels":[],"packagingLabelCodes":[],"hierarchyPath":[{"id":"1591691240683146","name":"Soseet 4 kk ikäiset","slug":"lapset-1/lasten-valipalasoseet-ja-muut-valipalat/soseet-4-kk-ikaiset","__typename":"HierarchyPathItem"},{"id":"1591691240683140","name":"Lasten välipalasoseet ja muut välipalat","slug":"lapset-1/lasten-valipalasoseet-ja-muut-valipalat","__typename":"HierarchyPathItem"},{"id":"Herkku_00000010","name":"Lapset","slug":"lapset-1","__typename":"HierarchyPathItem"}],"isGlobalFallback":null,"countryName":{"fi":"Espanja","__typename":"CountryName"}},{"id":"7613034550484","ean":"7613034550484","name":"Purina One 200g Adult Runsaasti Kanaa ja Täysjyväviljaa kissanruoka","price":2.39,"storeId":725782447,"__typename":"Product","approxPrice":false,"basicQuantityUnit":"KPL","comparisonPrice":11.95,"comparisonUnit":"KGM","consumerPackageSize":null,"consumerPackageUnit":null,"priceUnit":"KPL","quantityMultiplier":1,"brandName":"One","slug":"purina-one-200g-adult-runsaasti-kanaa-ja-taysjyvaviljaa-kissanruoka","isAgeLimitedByAlcohol":false,"frozen":false,"packagingLabels":[],"packagingLabelCodes":[],"hierarchyPath":[{"id":"Herkku_00000536","name":"Kissan kuiva ruoka","slug":"lemmikit-1/kissanruoat/kissan-kuiva-ruoka","__typename":"HierarchyPathItem"},{"id":"Herkku_00000101","name":"Kissanruoat","slug":"lemmikit-1/kissanruoat","__typename":"HierarchyPathItem"},{"id":"Herkku_00000012","name":"Lemmikit","slug":"lemmikit-1","__typename":"HierarchyPathItem"}],"isGlobalFallback":null,"countryName":{"fi":"Iso-Britannia","__typename":"CountryName"}},{"id":"7613034616814","ean":"7613034616814","name":"Nestlé Fitness 350g Yogurtflakes hiutaleita täysjyvävehnästä-, -kaurasta ja riisistä sekä jogurttikuorrutettuja hiutaleita","price":4.05,"storeId":725782447,"__typename":"Product","approxPrice":false,"basicQuantityUnit":"KPL","comparisonPrice":11.57,"comparisonUnit":"KGM","consumerPackageSize":null,"consumerPackageUnit":null,"priceUnit":"KPL","quantityMultiplier":1,"brandName":"Fitness","slug":"nestle-fitness-350g-yogurtflakes-hiutaleita-taysjyvavehnasta-kaurasta-ja-riisista-seka-jogurttikuorrutettuja-hiutaleita","isAgeLimitedByAlcohol":false,"frozen":false,"packagingLabels":[],"packagingLabelCodes":[],"hierarchyPath":[{"id":"Herkku_00000316","name":"Murot","slug":"kuivatuotteet-ja-leivonta-1/hiutaleet-murot-ja-myslit/murot","__typename":"HierarchyPathItem"},{"id":"Herkku_00000053","name":"Hiutaleet, murot ja myslit","slug":"kuivatuotteet-ja-leivonta-1/hiutaleet-murot-ja-myslit","__typename":"HierarchyPathItem"},{"id":"Herkku_00000007","name":"Kuivatuotteet ja leivonta","slug":"kuivatuotteet-ja-leivonta-1","__typename":"HierarchyPathItem"}],"isGlobalFallback":null,"countryName":{"fi":"Ranska","__typename":"CountryName"}},{"id":"7613034862433","ean":"7613034862433","name":"Piltti Pohjoisen maut 190g Perunamuusia ja lohta lastenateria 8kk","price":1.49,"storeId":725782447,"__typename":"Product","approxPrice":false,"basicQuantityUnit":"KPL","comparisonPrice":7.84,"comparisonUnit":"KGM","consumerPackageSize":null,"consumerPackageUnit":null,"priceUnit":"KPL","quantityMultiplier":1,"brandName":"Piltti","slug":"piltti-pohjoisen-maut-190g-perunamuusia-ja-lohta-lastenateria-8kk","isAgeLimitedByAlcohol":false,"frozen":false,"packagingLabels":["Avainlippu"," MSC (Marine Stewardship Council)"],"packagingLabelCodes":["MADE_IN_FINLAND_FLAG_WITH_KEY"," MARINE_STEWARDSHIP_COUNCIL_LABEL"],"hierarchyPath":[{"id":"Herkku_00000391","name":"8 kk ikäiset","slug":"lapset-1/lasten-ruoat/8-kk-ikaiset","__typename":"HierarchyPathItem"},{"id":"Herkku_00000069","name":"Lasten ruoat","slug":"lapset-1/lasten-ruoat","__typename":"HierarchyPathItem"},{"id":"Herkku_00000010","name":"Lapset","slug":"lapset-1","__typename":"HierarchyPathItem"}],"isGlobalFallback":null,"countryName":{"fi":"Suomi","__typename":"CountryName"}},{"id":"7613034863355","ean":"7613034863355","name":"Piltti Pohjoisen maut 125g Perunamuusia ja poronkäristystä lastenateria 5kk","price":1.15,"storeId":725782447,"__typename":"Product","approxPrice":false,"basicQuantityUnit":"KPL","comparisonPrice":9.2,"comparisonUnit":"KGM","consumerPackageSize":null,"consumerPackageUnit":null,"priceUnit":"KPL","quantityMultiplier":1,"brandName":"Piltti","slug":"piltti-pohjoisen-maut-125g-perunamuusia-ja-poronkaristysta-lastenateria-5kk","isAgeLimitedByAlcohol":false,"frozen":false,"packagingLabels":["Avainlippu"],"packagingLabelCodes":["MADE_IN_FINLAND_FLAG_WITH_KEY"],"hierarchyPath":[{"id":"Herkku_00000389","name":"5-6 kk ikäiset","slug":"lapset-1/lasten-ruoat/5-6-kk-ikaiset","__typename":"HierarchyPathItem"},{"id":"Herkku_00000069","name":"Lasten ruoat","slug":"lapset-1/lasten-ruoat","__typename":"HierarchyPathItem"},{"id":"Herkku_00000010","name":"Lapset","slug":"lapset-1","__typename":"HierarchyPathItem"}],"isGlobalFallback":null,"countryName":{"fi":"Suomi","__typename":"CountryName"}},{"id":"7613034864062","ean":"7613034864062","name":"Piltti Pohjoisen maut 125g Pikkukalastajan herkku lastenateria 5kk","price":1.15,"storeId":725782447,"__typename":"Product","approxPrice":false,"basicQuantityUnit":"KPL","comparisonPrice":9.2,"comparisonUnit":"KGM","consumerPackageSize":null,"consumerPackageUnit":null,"priceUnit":"KPL","quantityMultiplier":1,"brandName":"Piltti","slug":"piltti-pohjoisen-maut-125g-pikkukalastajan-herkku-lastenateria-5kk","isAgeLimitedByAlcohol":false,"frozen":false,"packagingLabels":["Avainlippu"," MSC (Marine Stewardship Council)"],"packagingLabelCodes":["MADE_IN_FINLAND_FLAG_WITH_KEY"," MARINE_STEWARDSHIP_COUNCIL_LABEL"],"hierarchyPath":[{"id":"Herkku_00000389","name":"5-6 kk ikäiset","slug":"lapset-1/lasten-ruoat/5-6-kk-ikaiset","__typename":"HierarchyPathItem"},{"id":"Herkku_00000069","name":"Lasten ruoat","slug":"lapset-1/lasten-ruoat","__typename":"HierarchyPathItem"},{"id":"Herkku_00000010","name":"Lapset","slug":"lapset-1","__typename":"HierarchyPathItem"}],"isGlobalFallback":null,"countryName":{"fi":"Suomi","__typename":"CountryName"}},{"id":"7613035117556","ean":"7613035117556","name":"Piltti 125g Omenainen kuningatar marja- ja hedelmäsose 4kk","price":0.55,"storeId":725782447,"__typename":"Product","approxPrice":false,"basicQuantityUnit":"KPL","comparisonPrice":4.4,"comparisonUnit":"KGM","consumerPackageSize":null,"consumerPackageUnit":null,"priceUnit":"KPL","quantityMultiplier":1,"brandName":"Piltti","slug":"piltti-125g-omenainen-kuningatar-marja-ja-hedelmasose-4kk","isAgeLimitedByAlcohol":false,"frozen":false,"packagingLabels":["Avainlippu"],"packagingLabelCodes":["MADE_IN_FINLAND_FLAG_WITH_KEY"],"hierarchyPath":[{"id":"1591691240683146","name":"Soseet 4 kk ikäiset","slug":"lapset-1/lasten-valipalasoseet-ja-muut-valipalat/soseet-4-kk-ikaiset","__typename":"HierarchyPathItem"},{"id":"1591691240683140","name":"Lasten välipalasoseet ja muut välipalat","slug":"lapset-1/lasten-valipalasoseet-ja-muut-valipalat","__typename":"HierarchyPathItem"},{"id":"Herkku_00000010","name":"Lapset","slug":"lapset-1","__typename":"HierarchyPathItem"}],"isGlobalFallback":null,"countryName":{"fi":"Suomi","__typename":"CountryName"}},{"id":"7613035117693","ean":"7613035117693","name":"Piltti 125g Aurinkoinen hedelmäsose 4kk","price":0.55,"storeId":725782447,"__typename":"Product","approxPrice":false,"basicQuantityUnit":"KPL","comparisonPrice":4.4,"comparisonUnit":"KGM","consumerPackageSize":null,"consumerPackageUnit":null,"priceUnit":"KPL","quantityMultiplier":1,"brandName":"Piltti","slug":"piltti-125g-aurinkoinen-hedelmasose-4kk","isAgeLimitedByAlcohol":false,"frozen":false,"packagingLabels":["Avainlippu"],"packagingLabelCodes":["MADE_IN_FINLAND_FLAG_WITH_KEY"],"hierarchyPath":[{"id":"1591691240683146","name":"Soseet 4 kk ikäiset","slug":"lapset-1/lasten-valipalasoseet-ja-muut-valipalat/soseet-4-kk-ikaiset","__typename":"HierarchyPathItem"},{"id":"1591691240683140","name":"Lasten välipalasoseet ja muut välipalat","slug":"lapset-1/lasten-valipalasoseet-ja-muut-valipalat","__typename":"HierarchyPathItem"},{"id":"Herkku_00000010","name":"Lapset","slug":"lapset-1","__typename":"HierarchyPathItem"}],"isGlobalFallback":null,"countryName":{"fi":"Suomi","__typename":"CountryName"}},{"id":"7613035326576","ean":"7613035326576","name":"Piltti Taapero 25g Hedelmäinen välipalapatukka 1v","price":1.05,"storeId":725782447,"__typename":"Product","approxPrice":false,"basicQuantityUnit":"KPL","comparisonPrice":42,"comparisonUnit":"KGM","consumerPackageSize":null,"consumerPackageUnit":null,"priceUnit":"KPL","quantityMultiplier":1,"brandName":"Piltti","slug":"piltti-taapero-25g-hedelmainen-valipalapatukka-1v","isAgeLimitedByAlcohol":false,"frozen":false,"packagingLabels":[],"packagingLabelCodes":[],"hierarchyPath":[{"id":"1591691240683155","name":"Muut välipalat","slug":"lapset-1/lasten-valipalasoseet-ja-muut-valipalat/muut-valipalat","__typename":"HierarchyPathItem"},{"id":"1591691240683140","name":"Lasten välipalasoseet ja muut välipalat","slug":"lapset-1/lasten-valipalasoseet-ja-muut-valipalat","__typename":"HierarchyPathItem"},{"id":"Herkku_00000010","name":"Lapset","slug":"lapset-1","__typename":"HierarchyPathItem"}],"isGlobalFallback":null,"countryName":{"fi":"Saksa","__typename":"CountryName"}},{"id":"7613035430204","ean":"7613035430204","name":"Nescafé Kulta 180g pikakahvi täyttöpussi","price":8.25,"storeId":725782447,"__typename":"Product","approxPrice":false,"basicQuantityUnit":"KPL","comparisonPrice":45.83,"comparisonUnit":"KGM","consumerPackageSize":null,"consumerPackageUnit":null,"priceUnit":"KPL","quantityMultiplier":1,"brandName":"Nescafé","slug":"nescafe-kulta-180g-pikakahvi-tayttopussi","isAgeLimitedByAlcohol":false,"frozen":false,"packagingLabels":[],"packagingLabelCodes":[],"hierarchyPath":null,"isGlobalFallback":null,"countryName":{"fi":"Sveitsi","__typename":"CountryName"}},{"id":"7613035551541","ean":"7613035551541","name":"Piltti 190g Spagettia ja jauhelihakastiketta lastenateria 8kk","price":1.35,"storeId":725782447,"__typename":"Product","approxPrice":false,"basicQuantityUnit":"KPL","comparisonPrice":7.11,"comparisonUnit":"KGM","consumerPackageSize":null,"consumerPackageUnit":null,"priceUnit":"KPL","quantityMultiplier":1,"brandName":"Piltti","slug":"piltti-190g-spagettia-ja-jauhelihakastiketta-lastenateria-8kk","isAgeLimitedByAlcohol":false,"frozen":false,"packagingLabels":["Avainlippu"],"packagingLabelCodes":["MADE_IN_FINLAND_FLAG_WITH_KEY"],"hierarchyPath":[{"id":"Herkku_00000391","name":"8 kk ikäiset","slug":"lapset-1/lasten-ruoat/8-kk-ikaiset","__typename":"HierarchyPathItem"},{"id":"Herkku_00000069","name":"Lasten ruoat","slug":"lapset-1/lasten-ruoat","__typename":"HierarchyPathItem"},{"id":"Herkku_00000010","name":"Lapset","slug":"lapset-1","__typename":"HierarchyPathItem"}],"isGlobalFallback":null,"countryName":{"fi":"Suomi","__typename":"CountryName"}},{"id":"7613035578005","ean":"7613035578005","name":"Maggi Mix Spagettikastike ateria-ainekset 64g","price":1.85,"storeId":725782447,"__typename":"Product","approxPrice":false,"basicQuantityUnit":"KPL","comparisonPrice":28.91,"comparisonUnit":"KGM","consumerPackageSize":null,"consumerPackageUnit":null,"priceUnit":"KPL","quantityMultiplier":1,"brandName":"Maggi","slug":"maggi-mix-spagettikastike-ateria-ainekset-64g","isAgeLimitedByAlcohol":false,"frozen":false,"packagingLabels":[],"packagingLabelCodes":[],"hierarchyPath":[{"id":"Herkku_00000452","name":"Pastakastikkeet","slug":"oljyt-mausteet-maustaminen-1/maustekastikkeet-ja-tahnat/pastakastikkeet","__typename":"HierarchyPathItem"},{"id":"Herkku_00000078","name":"Maustekastikkeet ja tahnat","slug":"oljyt-mausteet-maustaminen-1/maustekastikkeet-ja-tahnat","__typename":"HierarchyPathItem"},{"id":"Herkku_00000011","name":"Öljyt, mausteet, maustaminen","slug":"oljyt-mausteet-maustaminen-1","__typename":"HierarchyPathItem"}],"isGlobalFallback":null,"countryName":{"fi":"Saksa","__typename":"CountryName"}},{"id":"7613035578029","ean":"7613035578029","name":"Maggi Mix Lasagne ateria-ainekset 84g","price":1.85,"storeId":725782447,"__typename":"Product","approxPrice":false,"basicQuantityUnit":"KPL","comparisonPrice":22.02,"comparisonUnit":"KGM","consumerPackageSize":null,"consumerPackageUnit":null,"priceUnit":"KPL","quantityMultiplier":1,"brandName":"Maggi","slug":"maggi-mix-lasagne-ateria-ainekset-84g","isAgeLimitedByAlcohol":false,"frozen":false,"packagingLabels":[],"packagingLabelCodes":[],"hierarchyPath":[{"id":"Herkku_00000452","name":"Pastakastikkeet","slug":"oljyt-mausteet-maustaminen-1/maustekastikkeet-ja-tahnat/pastakastikkeet","__typename":"HierarchyPathItem"},{"id":"Herkku_00000078","name":"Maustekastikkeet ja tahnat","slug":"oljyt-mausteet-maustaminen-1/maustekastikkeet-ja-tahnat","__typename":"HierarchyPathItem"},{"id":"Herkku_00000011","name":"Öljyt, mausteet, maustaminen","slug":"oljyt-mausteet-maustaminen-1","__typename":"HierarchyPathItem"}],"isGlobalFallback":null,"countryName":{"fi":"Saksa","__typename":"CountryName"}},{"id":"7613035709751","ean":"7613035709751","name":"Piltti Ensimaut 125g Mangoa hedelmäsose 4kk","price":1.1,"storeId":725782447,"__typename":"Product","approxPrice":false,"basicQuantityUnit":"KPL","comparisonPrice":8.8,"comparisonUnit":"KGM","consumerPackageSize":null,"consumerPackageUnit":null,"priceUnit":"KPL","quantityMultiplier":1,"brandName":"Piltti","slug":"piltti-ensimaut-125g-mangoa-hedelmasose-4kk","isAgeLimitedByAlcohol":false,"frozen":false,"packagingLabels":["Avainlippu"],"packagingLabelCodes":["MADE_IN_FINLAND_FLAG_WITH_KEY"],"hierarchyPath":[{"id":"1591691240683146","name":"Soseet 4 kk ikäiset","slug":"lapset-1/lasten-valipalasoseet-ja-muut-valipalat/soseet-4-kk-ikaiset","__typename":"HierarchyPathItem"},{"id":"1591691240683140","name":"Lasten välipalasoseet ja muut välipalat","slug":"lapset-1/lasten-valipalasoseet-ja-muut-valipalat","__typename":"HierarchyPathItem"},{"id":"Herkku_00000010","name":"Lapset","slug":"lapset-1","__typename":"HierarchyPathItem"}],"isGlobalFallback":null,"countryName":{"fi":"Suomi","__typename":"CountryName"}},{"id":"7613035962965","ean":"7613035962965","name":"Nescafé Brasero 100g pikakahvi","price":3.45,"storeId":725782447,"__typename":"Product","approxPrice":false,"basicQuantityUnit":"KPL","comparisonPrice":34.5,"comparisonUnit":"KGM","consumerPackageSize":null,"consumerPackageUnit":null,"priceUnit":"KPL","quantityMultiplier":1,"brandName":"Nescafé","slug":"nescafe-brasero-100g-pikakahvi","isAgeLimitedByAlcohol":false,"frozen":false,"packagingLabels":[],"packagingLabelCodes":[],"hierarchyPath":[{"id":"1591691250893282","name":"Pikakahvit","slug":"juomat-1/kahvit-ja-suodatinpaperit/pikakahvit","__typename":"HierarchyPathItem"},{"id":"Herkku_00000089","name":"Kahvit ja suodatinpaperit","slug":"juomat-1/kahvit-ja-suodatinpaperit","__typename":"HierarchyPathItem"},{"id":"Herkku_00000005","name":"Juomat","slug":"juomat-1","__typename":"HierarchyPathItem"}],"isGlobalFallback":null,"countryName":{"fi":"Espanja","__typename":"CountryName"}},{"id":"7613036136716","ean":"7613036136716","name":"Gourmet 85 g Perle Gravy Delight kanaa ja grillatun kanan makuista kastiketta kissanruoka","price":0.95,"storeId":725782447,"__typename":"Product","approxPrice":false,"basicQuantityUnit":"KPL","comparisonPrice":11.18,"comparisonUnit":"KGM","consumerPackageSize":null,"consumerPackageUnit":null,"priceUnit":"KPL","quantityMultiplier":1,"brandName":"Gourmet Perle","slug":"gourmet-85-g-perle-gravy-delight-kanaa-ja-grillatun-kanan-makuista-kastiketta-kissanruoka","isAgeLimitedByAlcohol":false,"frozen":false,"packagingLabels":[],"packagingLabelCodes":[],"hierarchyPath":[{"id":"Herkku_00000533","name":"Kissan kostea ruoka","slug":"lemmikit-1/kissanruoat/kissan-kostea-ruoka","__typename":"HierarchyPathItem"},{"id":"Herkku_00000101","name":"Kissanruoat","slug":"lemmikit-1/kissanruoat","__typename":"HierarchyPathItem"},{"id":"Herkku_00000012","name":"Lemmikit","slug":"lemmikit-1","__typename":"HierarchyPathItem"}],"isGlobalFallback":null,"countryName":{"fi":"Puola","__typename":"CountryName"}},{"id":"7613036444699","ean":"7613036444699","name":"Nestlé Nan 500ml Pro 1 maitopohjainen käyttövalmis äidinmaidonkorvike","price":1.55,"storeId":725782447,"__typename":"Product","approxPrice":false,"basicQuantityUnit":"KPL","comparisonPrice":3.1,"comparisonUnit":"LTR","consumerPackageSize":null,"consumerPackageUnit":null,"priceUnit":"KPL","quantityMultiplier":1,"brandName":"NAN","slug":"nestle-nan-500ml-pro-1-maitopohjainen-kayttovalmis-aidinmaidonkorvike","isAgeLimitedByAlcohol":false,"frozen":false,"packagingLabels":[],"packagingLabelCodes":[],"hierarchyPath":[{"id":"Herkku_00000392","name":"Käyttövalmiit","slug":"lapset-1/aidinmaidon-korvikkeet/kayttovalmiit","__typename":"HierarchyPathItem"},{"id":"Herkku_00000070","name":"Äidinmaidon korvikkeet","slug":"lapset-1/aidinmaidon-korvikkeet","__typename":"HierarchyPathItem"},{"id":"Herkku_00000010","name":"Lapset","slug":"lapset-1","__typename":"HierarchyPathItem"}],"isGlobalFallback":null,"countryName":{"fi":"Espanja","__typename":"CountryName"}},{"id":"7613036557719","ean":"7613036557719","name":"Nestlé Nan 500ml Pro 2 maitopohjainen käyttövalmis vierotusvalmiste","price":1.55,"storeId":725782447,"__typename":"Product","approxPrice":false,"basicQuantityUnit":"KPL","comparisonPrice":3.1,"comparisonUnit":"LTR","consumerPackageSize":null,"consumerPackageUnit":null,"priceUnit":"KPL","quantityMultiplier":1,"brandName":"NAN","slug":"nestle-nan-500ml-pro-2-maitopohjainen-kayttovalmis-vierotusvalmiste","isAgeLimitedByAlcohol":false,"frozen":false,"packagingLabels":[],"packagingLabelCodes":[],"hierarchyPath":[{"id":"Herkku_00000392","name":"Käyttövalmiit","slug":"lapset-1/aidinmaidon-korvikkeet/kayttovalmiit","__typename":"HierarchyPathItem"},{"id":"Herkku_00000070","name":"Äidinmaidon korvikkeet","slug":"lapset-1/aidinmaidon-korvikkeet","__typename":"HierarchyPathItem"},{"id":"Herkku_00000010","name":"Lapset","slug":"lapset-1","__typename":"HierarchyPathItem"}],"isGlobalFallback":null,"countryName":{"fi":"Espanja","__typename":"CountryName"}},{"id":"7613036575270","ean":"7613036575270","name":"Piltti Pohjoisen maut 190g Perunamuusia lihapullia ja puolukkaa lastenateria 8kk","price":1.49,"storeId":725782447,"__typename":"Product","approxPrice":false,"basicQuantityUnit":"KPL","comparisonPrice":7.84,"comparisonUnit":"KGM","consumerPackageSize":null,"consumerPackageUnit":null,"priceUnit":"KPL","quantityMultiplier":1,"brandName":"Piltti","slug":"piltti-pohjoisen-maut-190g-perunamuusia-lihapullia-ja-puolukkaa-lastenateria-8kk","isAgeLimitedByAlcohol":false,"frozen":false,"packagingLabels":["Avainlippu"],"packagingLabelCodes":["MADE_IN_FINLAND_FLAG_WITH_KEY"],"hierarchyPath":[{"id":"Herkku_00000391","name":"8 kk ikäiset","slug":"lapset-1/lasten-ruoat/8-kk-ikaiset","__typename":"HierarchyPathItem"},{"id":"Herkku_00000069","name":"Lasten ruoat","slug":"lapset-1/lasten-ruoat","__typename":"HierarchyPathItem"},{"id":"Herkku_00000010","name":"Lapset","slug":"lapset-1","__typename":"HierarchyPathItem"}],"isGlobalFallback":null,"countryName":{"fi":"Suomi","__typename":"CountryName"}},{"id":"7613036576093","ean":"7613036576093","name":"Piltti 190g Perunasosejauhelihalaatikko lastenateria 1-3v","price":1.49,"storeId":725782447,"__typename":"Product","approxPrice":false,"basicQuantityUnit":"KPL","comparisonPrice":7.84,"comparisonUnit":"KGM","consumerPackageSize":null,"consumerPackageUnit":null,"priceUnit":"KPL","quantityMultiplier":1,"brandName":"Piltti","slug":"piltti-190g-perunasosejauhelihalaatikko-lastenateria-1-3v","isAgeLimitedByAlcohol":false,"frozen":false,"packagingLabels":["Avainlippu"],"packagingLabelCodes":["MADE_IN_FINLAND_FLAG_WITH_KEY"],"hierarchyPath":[{"id":"Herkku_00000388","name":"12+ kk ikäiset","slug":"lapset-1/lasten-ruoat/12+-kk-ikaiset","__typename":"HierarchyPathItem"},{"id":"Herkku_00000069","name":"Lasten ruoat","slug":"lapset-1/lasten-ruoat","__typename":"HierarchyPathItem"},{"id":"Herkku_00000010","name":"Lapset","slug":"lapset-1","__typename":"HierarchyPathItem"}],"isGlobalFallback":null,"countryName":{"fi":"Suomi","__typename":"CountryName"}},{"id":"7613036576116","ean":"7613036576116","name":"Piltti 190g Farmarin peruna-broilerpata lastenateria 1-3v","price":1.49,"storeId":725782447,"__typename":"Product","approxPrice":false,"basicQuantityUnit":"KPL","comparisonPrice":7.84,"comparisonUnit":"KGM","consumerPackageSize":null,"consumerPackageUnit":null,"priceUnit":"KPL","quantityMultiplier":1,"brandName":"Piltti","slug":"piltti-190g-farmarin-peruna-broilerpata-lastenateria-1-3v","isAgeLimitedByAlcohol":false,"frozen":false,"packagingLabels":["Avainlippu"],"packagingLabelCodes":["MADE_IN_FINLAND_FLAG_WITH_KEY"],"hierarchyPath":[{"id":"Herkku_00000388","name":"12+ kk ikäiset","slug":"lapset-1/lasten-ruoat/12+-kk-ikaiset","__typename":"HierarchyPathItem"},{"id":"Herkku_00000069","name":"Lasten ruoat","slug":"lapset-1/lasten-ruoat","__typename":"HierarchyPathItem"},{"id":"Herkku_00000010","name":"Lapset","slug":"lapset-1","__typename":"HierarchyPathItem"}],"isGlobalFallback":null,"countryName":{"fi":"Suomi","__typename":"CountryName"}},{"id":"7613037126914","ean":"7613037126914","name":"Piltti 125g Kasviksia lastenateria 4kk","price":0.55,"storeId":725782447,"__typename":"Product","approxPrice":false,"basicQuantityUnit":"KPL","comparisonPrice":4.4,"comparisonUnit":"KGM","consumerPackageSize":null,"consumerPackageUnit":null,"priceUnit":"KPL","quantityMultiplier":1,"brandName":"Piltti","slug":"piltti-125g-kasviksia-lastenateria-4kk","isAgeLimitedByAlcohol":false,"frozen":false,"packagingLabels":["Avainlippu"],"packagingLabelCodes":["MADE_IN_FINLAND_FLAG_WITH_KEY"],"hierarchyPath":[{"id":"Herkku_00000390","name":"4 kk ikäiset","slug":"lapset-1/lasten-ruoat/4-kk-ikaiset","__typename":"HierarchyPathItem"},{"id":"Herkku_00000069","name":"Lasten ruoat","slug":"lapset-1/lasten-ruoat","__typename":"HierarchyPathItem"},{"id":"Herkku_00000010","name":"Lapset","slug":"lapset-1","__typename":"HierarchyPathItem"}],"isGlobalFallback":null,"countryName":{"fi":"Suomi","__typename":"CountryName"}},{"id":"7613037132274","ean":"7613037132274","name":"Piltti 125g Pohjoisen maut Metsämarjainen marja- ja hedelmäsose 4kk","price":0.99,"storeId":725782447,"__typename":"Product","approxPrice":false,"basicQuantityUnit":"KPL","comparisonPrice":7.92,"comparisonUnit":"KGM","consumerPackageSize":null,"consumerPackageUnit":null,"priceUnit":"KPL","quantityMultiplier":1,"brandName":"Piltti","slug":"piltti-125g-pohjoisen-maut-metsamarjainen-marja-ja-hedelmasose-4kk","isAgeLimitedByAlcohol":false,"frozen":false,"packagingLabels":["Avainlippu"],"packagingLabelCodes":["MADE_IN_FINLAND_FLAG_WITH_KEY"],"hierarchyPath":[{"id":"1591691240683146","name":"Soseet 4 kk ikäiset","slug":"lapset-1/lasten-valipalasoseet-ja-muut-valipalat/soseet-4-kk-ikaiset","__typename":"HierarchyPathItem"},{"id":"1591691240683140","name":"Lasten välipalasoseet ja muut välipalat","slug":"lapset-1/lasten-valipalasoseet-ja-muut-valipalat","__typename":"HierarchyPathItem"},{"id":"Herkku_00000010","name":"Lapset","slug":"lapset-1","__typename":"HierarchyPathItem"}],"isGlobalFallback":null,"countryName":{"fi":"Suomi","__typename":"CountryName"}},{"id":"7613037132861","ean":"7613037132861","name":"Piltti 125g Luumua hedelmäsose 4kk","price":0.55,"storeId":725782447,"__typename":"Product","approxPrice":false,"basicQuantityUnit":"KPL","comparisonPrice":4.4,"comparisonUnit":"KGM","consumerPackageSize":null,"consumerPackageUnit":null,"priceUnit":"KPL","quantityMultiplier":1,"brandName":"Piltti","slug":"piltti-125g-luumua-hedelmasose-4kk","isAgeLimitedByAlcohol":false,"frozen":false,"packagingLabels":["Avainlippu"],"packagingLabelCodes":["MADE_IN_FINLAND_FLAG_WITH_KEY"],"hierarchyPath":[{"id":"1591691240683146","name":"Soseet 4 kk ikäiset","slug":"lapset-1/lasten-valipalasoseet-ja-muut-valipalat/soseet-4-kk-ikaiset","__typename":"HierarchyPathItem"},{"id":"1591691240683140","name":"Lasten välipalasoseet ja muut välipalat","slug":"lapset-1/lasten-valipalasoseet-ja-muut-valipalat","__typename":"HierarchyPathItem"},{"id":"Herkku_00000010","name":"Lapset","slug":"lapset-1","__typename":"HierarchyPathItem"}],"isGlobalFallback":null,"countryName":{"fi":"Suomi","__typename":"CountryName"}},{"id":"7613039758403","ean":"7613039758403","name":"Latz Agail 12x85g Countryside lajitelma hyytelössä 4 varianttia kissanruoka","price":4.39,"storeId":725782447,"__typename":"Product","approxPrice":false,"basicQuantityUnit":"KPL","comparisonPrice":4.3,"comparisonUnit":"KGM","consumerPackageSize":null,"consumerPackageUnit":null,"priceUnit":"KPL","quantityMultiplier":1,"brandName":"Latz","slug":"latz-agail-12x85g-countryside-lajitelma-hyytelossa-4-varianttia-kissanruoka","isAgeLimitedByAlcohol":false,"frozen":false,"packagingLabels":[],"packagingLabelCodes":[],"hierarchyPath":[{"id":"Herkku_00000533","name":"Kissan kostea ruoka","slug":"lemmikit-1/kissanruoat/kissan-kostea-ruoka","__typename":"HierarchyPathItem"},{"id":"Herkku_00000101","name":"Kissanruoat","slug":"lemmikit-1/kissanruoat","__typename":"HierarchyPathItem"},{"id":"Herkku_00000012","name":"Lemmikit","slug":"lemmikit-1","__typename":"HierarchyPathItem"}],"isGlobalFallback":null,"countryName":{"fi":"Puola","__typename":"CountryName"}},{"id":"7613039777640","ean":"7613039777640","name":"Latz Original 4x85g Countryside lajitelma hyytelössä 4 varianttia kissanruoka","price":2.89,"storeId":725782447,"__typename":"Product","approxPrice":false,"basicQuantityUnit":"KPL","comparisonPrice":8.5,"comparisonUnit":"KGM","consumerPackageSize":null,"consumerPackageUnit":null,"priceUnit":"KPL","quantityMultiplier":1,"brandName":"Latz","slug":"latz-original-4x85g-countryside-lajitelma-hyytelossa-4-varianttia-kissanruoka","isAgeLimitedByAlcohol":false,"frozen":false,"packagingLabels":[],"packagingLabelCodes":[],"hierarchyPath":[{"id":"Herkku_00000533","name":"Kissan kostea ruoka","slug":"lemmikit-1/kissanruoat/kissan-kostea-ruoka","__typename":"HierarchyPathItem"},{"id":"Herkku_00000101","name":"Kissanruoat","slug":"lemmikit-1/kissanruoat","__typename":"HierarchyPathItem"},{"id":"Herkku_00000012","name":"Lemmikit","slug":"lemmikit-1","__typename":"HierarchyPathItem"}],"isGlobalFallback":null,"countryName":{"fi":"Puola","__typename":"CountryName"}},{"id":"7613039847350","ean":"7613039847350","name":"Latz 12x85g AGAIL Senior Mixed lajitelma hyytelössä 4 varianttia kissanruoka","price":4.39,"storeId":725782447,"__typename":"Product","approxPrice":false,"basicQuantityUnit":"KPL","comparisonPrice":4.3,"comparisonUnit":"KGM","consumerPackageSize":null,"consumerPackageUnit":null,"priceUnit":"KPL","quantityMultiplier":1,"brandName":"Latz","slug":"latz-12x85g-agail-senior-mixed-lajitelma-hyytelossa-4-varianttia-kissanruoka","isAgeLimitedByAlcohol":false,"frozen":false,"packagingLabels":[],"packagingLabelCodes":[],"hierarchyPath":[{"id":"Herkku_00000533","name":"Kissan kostea ruoka","slug":"lemmikit-1/kissanruoat/kissan-kostea-ruoka","__typename":"HierarchyPathItem"},{"id":"Herkku_00000101","name":"Kissanruoat","slug":"lemmikit-1/kissanruoat","__typename":"HierarchyPathItem"},{"id":"Herkku_00000012","name":"Lemmikit","slug":"lemmikit-1","__typename":"HierarchyPathItem"}],"isGlobalFallback":null,"countryName":{"fi":"Unkari","__typename":"CountryName"}},{"id":"7613039847848","ean":"7613039847848","name":"Latz Agail 12x85g Mixed lajitelma hyytelössä 4 varianttia kissanruoka","price":4.39,"storeId":725782447,"__typename":"Product","approxPrice":false,"basicQuantityUnit":"KPL","comparisonPrice":4.3,"comparisonUnit":"KGM","consumerPackageSize":null,"consumerPackageUnit":null,"priceUnit":"KPL","quantityMultiplier":1,"brandName":"Latz","slug":"latz-agail-12x85g-mixed-lajitelma-hyytelossa-4-varianttia-kissanruoka","isAgeLimitedByAlcohol":false,"frozen":false,"packagingLabels":[],"packagingLabelCodes":[],"hierarchyPath":[{"id":"Herkku_00000533","name":"Kissan kostea ruoka","slug":"lemmikit-1/kissanruoat/kissan-kostea-ruoka","__typename":"HierarchyPathItem"},{"id":"Herkku_00000101","name":"Kissanruoat","slug":"lemmikit-1/kissanruoat","__typename":"HierarchyPathItem"},{"id":"Herkku_00000012","name":"Lemmikit","slug":"lemmikit-1","__typename":"HierarchyPathItem"}],"isGlobalFallback":null,"countryName":{"fi":"Puola","__typename":"CountryName"}},{"id":"7613039917015","ean":"7613039917015","name":"Latz Sensations Crunchy 10x85g+40g Countryside lajitelma hyytelössä 4 varianttia kissanruoka","price":4.5,"storeId":725782447,"__typename":"Product","approxPrice":false,"basicQuantityUnit":"KPL","comparisonPrice":5.06,"comparisonUnit":"KGM","consumerPackageSize":null,"consumerPackageUnit":null,"priceUnit":"KPL","quantityMultiplier":1,"brandName":"Latz","slug":"latz-sensations-crunchy-10x85g40g-countryside-lajitelma-hyytelossa-4-varianttia-kissanruoka","isAgeLimitedByAlcohol":false,"frozen":false,"packagingLabels":[],"packagingLabelCodes":[],"hierarchyPath":[{"id":"Herkku_00000533","name":"Kissan kostea ruoka","slug":"lemmikit-1/kissanruoat/kissan-kostea-ruoka","__typename":"HierarchyPathItem"},{"id":"Herkku_00000101","name":"Kissanruoat","slug":"lemmikit-1/kissanruoat","__typename":"HierarchyPathItem"},{"id":"Herkku_00000012","name":"Lemmikit","slug":"lemmikit-1","__typename":"HierarchyPathItem"}],"isGlobalFallback":null,"countryName":{"fi":"Unkari","__typename":"CountryName"}},{"id":"7613287162281","ean":"7613287162281","name":"Nescafé Dolce Gusto 16kaps/144g Grande Intenso kahvikapseli","price":6.15,"storeId":725782447,"__typename":"Product","approxPrice":false,"basicQuantityUnit":"KPL","comparisonPrice":42.71,"comparisonUnit":"KGM","consumerPackageSize":null,"consumerPackageUnit":null,"priceUnit":"KPL","quantityMultiplier":1,"brandName":"Dolce Gusto","slug":"nescafe-dolce-gusto-16kaps144g-grande-intenso-kahvikapseli","isAgeLimitedByAlcohol":false,"frozen":false,"packagingLabels":[],"packagingLabelCodes":[],"hierarchyPath":[{"id":"Herkku_00000507","name":"Kahvikapselit","slug":"juomat-1/kahvit-ja-suodatinpaperit/kahvikapselit","__typename":"HierarchyPathItem"},{"id":"Herkku_00000089","name":"Kahvit ja suodatinpaperit","slug":"juomat-1/kahvit-ja-suodatinpaperit","__typename":"HierarchyPathItem"},{"id":"Herkku_00000005","name":"Juomat","slug":"juomat-1","__typename":"HierarchyPathItem"}],"isGlobalFallback":null,"countryName":{"fi":"Saksa","__typename":"CountryName"}},{"id":"7613287421180","ean":"7613287421180","name":"Hälsans Kök 300g Vegaaniset nuggetit valmistettu soijaproteiinista","price":5.05,"storeId":725782447,"__typename":"Product","approxPrice":false,"basicQuantityUnit":"KPL","comparisonPrice":16.83,"comparisonUnit":"KGM","consumerPackageSize":null,"consumerPackageUnit":null,"priceUnit":"KPL","quantityMultiplier":1,"brandName":"Hälsans Kök","slug":"halsans-kok-300g-vegaaniset-nuggetit-valmistettu-soijaproteiinista","isAgeLimitedByAlcohol":false,"frozen":true,"packagingLabels":[],"packagingLabelCodes":[],"hierarchyPath":[{"id":"1591691225905845","name":"Valmiit pakasteateriat","slug":"pakasteet-1/pakasteateriat/valmiit-pakasteateriat","__typename":"HierarchyPathItem"},{"id":"Herkku_00000129","name":"Pakasteateriat","slug":"pakasteet-1/pakasteateriat","__typename":"HierarchyPathItem"},{"id":"Herkku_00000013","name":"Pakasteet","slug":"pakasteet-1","__typename":"HierarchyPathItem"}],"isGlobalFallback":null,"countryName":{"fi":"Tšekki","__typename":"CountryName"}},{"id":"7622201056643","ean":"7622201056643","name":"Marabou Daim suklaalevy  200g","price":2.45,"storeId":725782447,"__typename":"Product","approxPrice":false,"basicQuantityUnit":"KPL","comparisonPrice":12.25,"comparisonUnit":"KGM","consumerPackageSize":null,"consumerPackageUnit":null,"priceUnit":"KPL","quantityMultiplier":1,"brandName":"Marabou","slug":"marabou-daim-suklaalevy-200g","isAgeLimitedByAlcohol":false,"frozen":false,"packagingLabels":["Cocoa Life"],"packagingLabelCodes":["COCOA_LIFE"],"hierarchyPath":[{"id":"Herkku_00000334","name":"Suklaalevyt","slug":"makeiset-ja-naposteltavat-1/suklaat/suklaalevyt","__typename":"HierarchyPathItem"},{"id":"Herkku_00000060","name":"Suklaat","slug":"makeiset-ja-naposteltavat-1/suklaat","__typename":"HierarchyPathItem"},{"id":"Herkku_00000009","name":"Makeiset ja naposteltavat","slug":"makeiset-ja-naposteltavat-1","__typename":"HierarchyPathItem"}],"isGlobalFallback":null,"countryName":{"fi":"Ruotsi","__typename":"CountryName"}},{"id":"7622201423469","ean":"7622201423469","name":"Marabou Dots makeispussi 140g","price":2.19,"storeId":725782447,"__typename":"Product","approxPrice":false,"basicQuantityUnit":"KPL","comparisonPrice":15.64,"comparisonUnit":"KGM","consumerPackageSize":null,"consumerPackageUnit":null,"priceUnit":"KPL","quantityMultiplier":1,"brandName":"Marabou","slug":"marabou-dots-makeispussi-140g","isAgeLimitedByAlcohol":false,"frozen":false,"packagingLabels":["Cocoa Life"],"packagingLabelCodes":["COCOA_LIFE"],"hierarchyPath":[{"id":"Herkku_00000326","name":"Suklaa","slug":"makeiset-ja-naposteltavat-1/karkkipussit/suklaa","__typename":"HierarchyPathItem"},{"id":"Herkku_00000055","name":"Karkkipussit","slug":"makeiset-ja-naposteltavat-1/karkkipussit","__typename":"HierarchyPathItem"},{"id":"Herkku_00000009","name":"Makeiset ja naposteltavat","slug":"makeiset-ja-naposteltavat-1","__typename":"HierarchyPathItem"}],"isGlobalFallback":null,"countryName":{"fi":"Liettua","__typename":"CountryName"}},{"id":"7622201507510","ean":"7622201507510","name":"Marabou Pistachio caramel & sea salt suklaalevy 185g","price":2.45,"storeId":725782447,"__typename":"Product","approxPrice":false,"basicQuantityUnit":"KPL","comparisonPrice":13.24,"comparisonUnit":"KGM","consumerPackageSize":null,"consumerPackageUnit":null,"priceUnit":"KPL","quantityMultiplier":1,"brandName":"Marabou","slug":"marabou-pistachio-caramel-and-sea-salt-suklaalevy-185g","isAgeLimitedByAlcohol":false,"frozen":false,"packagingLabels":["Cocoa Life"],"packagingLabelCodes":["COCOA_LIFE"],"hierarchyPath":[{"id":"Herkku_00000334","name":"Suklaalevyt","slug":"makeiset-ja-naposteltavat-1/suklaat/suklaalevyt","__typename":"HierarchyPathItem"},{"id":"Herkku_00000060","name":"Suklaat","slug":"makeiset-ja-naposteltavat-1/suklaat","__typename":"HierarchyPathItem"},{"id":"Herkku_00000009","name":"Makeiset ja naposteltavat","slug":"makeiset-ja-naposteltavat-1","__typename":"HierarchyPathItem"}],"isGlobalFallback":null,"countryName":{"fi":"Ruotsi","__typename":"CountryName"}},{"id":"7622201679637","ean":"7622201679637","name":"Marabou Big Taste  Nutty Choco Wafer suklaalevy 270g","price":2.99,"storeId":725782447,"__typename":"Product","approxPrice":false,"basicQuantityUnit":"KPL","comparisonPrice":11.07,"comparisonUnit":"KGM","consumerPackageSize":null,"consumerPackageUnit":null,"priceUnit":"KPL","quantityMultiplier":1,"brandName":"Marabou","slug":"marabou-big-taste-nutty-choco-wafer-suklaalevy-270g","isAgeLimitedByAlcohol":false,"frozen":false,"packagingLabels":["Cocoa Life"],"packagingLabelCodes":["COCOA_LIFE"],"hierarchyPath":[{"id":"Herkku_00000334","name":"Suklaalevyt","slug":"makeiset-ja-naposteltavat-1/suklaat/suklaalevyt","__typename":"HierarchyPathItem"},{"id":"Herkku_00000060","name":"Suklaat","slug":"makeiset-ja-naposteltavat-1/suklaat","__typename":"HierarchyPathItem"},{"id":"Herkku_00000009","name":"Makeiset ja naposteltavat","slug":"makeiset-ja-naposteltavat-1","__typename":"HierarchyPathItem"}],"isGlobalFallback":null,"countryName":{"fi":"Bulgaria","__typename":"CountryName"}},{"id":"7622210137258","ean":"7622210137258","name":"Oreo Double Creme täytekeksi 157g","price":1.95,"storeId":725782447,"__typename":"Product","approxPrice":false,"basicQuantityUnit":"KPL","comparisonPrice":12.42,"comparisonUnit":"KGM","consumerPackageSize":null,"consumerPackageUnit":null,"priceUnit":"KPL","quantityMultiplier":1,"brandName":"Oreo","slug":"oreo-double-creme-taytekeksi-157g","isAgeLimitedByAlcohol":false,"frozen":false,"packagingLabels":["Cocoa Life"],"packagingLabelCodes":["COCOA_LIFE"],"hierarchyPath":null,"isGlobalFallback":null,"countryName":{"fi":"Espanja","__typename":"CountryName"}},{"id":"7622210448071","ean":"7622210448071","name":"Marabou Big Taste Oreo suklaalevy 320g","price":2.99,"storeId":725782447,"__typename":"Product","approxPrice":false,"basicQuantityUnit":"KPL","comparisonPrice":9.34,"comparisonUnit":"KGM","consumerPackageSize":null,"consumerPackageUnit":null,"priceUnit":"KPL","quantityMultiplier":1,"brandName":"Marabou","slug":"marabou-big-taste-oreo-suklaalevy-320g","isAgeLimitedByAlcohol":false,"frozen":false,"packagingLabels":["Cocoa Life"],"packagingLabelCodes":["COCOA_LIFE"],"hierarchyPath":[{"id":"Herkku_00000334","name":"Suklaalevyt","slug":"makeiset-ja-naposteltavat-1/suklaat/suklaalevyt","__typename":"HierarchyPathItem"},{"id":"Herkku_00000060","name":"Suklaat","slug":"makeiset-ja-naposteltavat-1/suklaat","__typename":"HierarchyPathItem"},{"id":"Herkku_00000009","name":"Makeiset ja naposteltavat","slug":"makeiset-ja-naposteltavat-1","__typename":"HierarchyPathItem"}],"isGlobalFallback":null,"countryName":{"fi":"Itävalta","__typename":"CountryName"}},{"id":"7622210614407","ean":"7622210614407","name":"Belvita 50g Soft Bakes Choco Chips välipalakeksi 50g","price":0.85,"storeId":725782447,"__typename":"Product","approxPrice":false,"basicQuantityUnit":"KPL","comparisonPrice":17,"comparisonUnit":"KGM","consumerPackageSize":null,"consumerPackageUnit":null,"priceUnit":"KPL","quantityMultiplier":1,"brandName":"Belvita","slug":"belvita-50g-soft-bakes-choco-chips-valipalakeksi-50g","isAgeLimitedByAlcohol":false,"frozen":false,"packagingLabels":[],"packagingLabelCodes":[],"hierarchyPath":[{"id":"1591691259121515","name":"Välipalakeksit","slug":"leivat-keksit-ja-leivonnaiset-1/keksit/valipalakeksit","__typename":"HierarchyPathItem"},{"id":"Herkku_00000065","name":"Keksit","slug":"leivat-keksit-ja-leivonnaiset-1/keksit","__typename":"HierarchyPathItem"},{"id":"Herkku_00000008","name":"Leivät, keksit ja leivonnaiset","slug":"leivat-keksit-ja-leivonnaiset-1","__typename":"HierarchyPathItem"}],"isGlobalFallback":null,"countryName":{"fi":"Iso-Britannia","__typename":"CountryName"}},{"id":"7622210664181","ean":"7622210664181","name":"Oboy Original Kaakaojuomajauhe 450g","price":3.49,"storeId":725782447,"__typename":"Product","approxPrice":false,"basicQuantityUnit":"KPL","comparisonPrice":7.76,"comparisonUnit":"KGM","consumerPackageSize":null,"consumerPackageUnit":null,"priceUnit":"KPL","quantityMultiplier":1,"brandName":"O'Boy","slug":"oboy-original-kaakaojuomajauhe-450g","isAgeLimitedByAlcohol":false,"frozen":false,"packagingLabels":["Cocoa Life"],"packagingLabelCodes":["COCOA_LIFE"],"hierarchyPath":[{"id":"Herkku_00000511","name":"Kaakaojauheet","slug":"juomat-1/kaakaot/kaakaojauheet","__typename":"HierarchyPathItem"},{"id":"Herkku_00000090","name":"Kaakaot","slug":"juomat-1/kaakaot","__typename":"HierarchyPathItem"},{"id":"Herkku_00000005","name":"Juomat","slug":"juomat-1","__typename":"HierarchyPathItem"}],"isGlobalFallback":null,"countryName":{"fi":"Ruotsi","__typename":"CountryName"}},{"id":"7622210712035","ean":"7622210712035","name":"Marabou BigTaste Japp Peanut Caramel suklaalevy 276g","price":2.99,"storeId":725782447,"__typename":"Product","approxPrice":false,"basicQuantityUnit":"KPL","comparisonPrice":10.83,"comparisonUnit":"KGM","consumerPackageSize":null,"consumerPackageUnit":null,"priceUnit":"KPL","quantityMultiplier":1,"brandName":"Marabou","slug":"marabou-bigtaste-japp-peanut-caramel-suklaalevy-276g","isAgeLimitedByAlcohol":false,"frozen":false,"packagingLabels":["Cocoa Life"],"packagingLabelCodes":["COCOA_LIFE"],"hierarchyPath":[{"id":"Herkku_00000334","name":"Suklaalevyt","slug":"makeiset-ja-naposteltavat-1/suklaat/suklaalevyt","__typename":"HierarchyPathItem"},{"id":"Herkku_00000060","name":"Suklaat","slug":"makeiset-ja-naposteltavat-1/suklaat","__typename":"HierarchyPathItem"},{"id":"Herkku_00000009","name":"Makeiset ja naposteltavat","slug":"makeiset-ja-naposteltavat-1","__typename":"HierarchyPathItem"}],"isGlobalFallback":null,"countryName":{"fi":"Bulgaria","__typename":"CountryName"}},{"id":"7622210807274","ean":"7622210807274","name":"Marabou KEX suklaapatukka 50g","price":0.55,"storeId":725782447,"__typename":"Product","approxPrice":false,"basicQuantityUnit":"KPL","comparisonPrice":11,"comparisonUnit":"KGM","consumerPackageSize":null,"consumerPackageUnit":null,"priceUnit":"KPL","quantityMultiplier":1,"brandName":"Marabou","slug":"marabou-kex-suklaapatukka-50g","isAgeLimitedByAlcohol":false,"frozen":false,"packagingLabels":["Cocoa Life"],"packagingLabelCodes":["COCOA_LIFE"],"hierarchyPath":[{"id":"Herkku_00000333","name":"Suklaapatukat","slug":"makeiset-ja-naposteltavat-1/suklaat/suklaapatukat","__typename":"HierarchyPathItem"},{"id":"Herkku_00000060","name":"Suklaat","slug":"makeiset-ja-naposteltavat-1/suklaat","__typename":"HierarchyPathItem"},{"id":"Herkku_00000009","name":"Makeiset ja naposteltavat","slug":"makeiset-ja-naposteltavat-1","__typename":"HierarchyPathItem"}],"isGlobalFallback":null,"countryName":{"fi":"Puola","__typename":"CountryName"}},{"id":"7622210865335","ean":"7622210865335","name":"Marabou Dubbel Nougat suklaapatukka 43g","price":0.79,"storeId":725782447,"__typename":"Product","approxPrice":false,"basicQuantityUnit":"KPL","comparisonPrice":18.37,"comparisonUnit":"KGM","consumerPackageSize":null,"consumerPackageUnit":null,"priceUnit":"KPL","quantityMultiplier":1,"brandName":"Marabou","slug":"marabou-dubbel-nougat-suklaapatukka-43g","isAgeLimitedByAlcohol":false,"frozen":false,"packagingLabels":["Cocoa Life"],"packagingLabelCodes":["COCOA_LIFE"],"hierarchyPath":[{"id":"Herkku_00000333","name":"Suklaapatukat","slug":"makeiset-ja-naposteltavat-1/suklaat/suklaapatukat","__typename":"HierarchyPathItem"},{"id":"Herkku_00000060","name":"Suklaat","slug":"makeiset-ja-naposteltavat-1/suklaat","__typename":"HierarchyPathItem"},{"id":"Herkku_00000009","name":"Makeiset ja naposteltavat","slug":"makeiset-ja-naposteltavat-1","__typename":"HierarchyPathItem"}],"isGlobalFallback":null,"countryName":{"fi":"Liettua","__typename":"CountryName"}},{"id":"7622210929525","ean":"7622210929525","name":"Marabou Hearts konvehteja 165g","price":4.45,"storeId":725782447,"__typename":"Product","approxPrice":false,"basicQuantityUnit":"KPL","comparisonPrice":26.97,"comparisonUnit":"KGM","consumerPackageSize":null,"consumerPackageUnit":null,"priceUnit":"KPL","quantityMultiplier":1,"brandName":"Marabou","slug":"marabou-hearts-konvehteja-165g","isAgeLimitedByAlcohol":false,"frozen":false,"packagingLabels":[],"packagingLabelCodes":[],"hierarchyPath":[{"id":"Herkku_00000343","name":"Konvehtirasiat","slug":"makeiset-ja-naposteltavat-1/sesonki-ja-lahjamakeiset/konvehtirasiat","__typename":"HierarchyPathItem"},{"id":"Herkku_00000061","name":"Sesonki- ja lahjamakeiset","slug":"makeiset-ja-naposteltavat-1/sesonki-ja-lahjamakeiset","__typename":"HierarchyPathItem"},{"id":"Herkku_00000009","name":"Makeiset ja naposteltavat","slug":"makeiset-ja-naposteltavat-1","__typename":"HierarchyPathItem"}],"isGlobalFallback":null,"countryName":{"fi":"Slovakia","__typename":"CountryName"}},{"id":"7622210998477","ean":"7622210998477","name":"TUC Sweet Chili suolakeksejä 100g","price":1.65,"storeId":725782447,"__typename":"Product","approxPrice":false,"basicQuantityUnit":"KPL","comparisonPrice":16.5,"comparisonUnit":"KGM","consumerPackageSize":null,"consumerPackageUnit":null,"priceUnit":"KPL","quantityMultiplier":1,"brandName":"LU","slug":"tuc-sweet-chili-suolakekseja-100g","isAgeLimitedByAlcohol":false,"frozen":false,"packagingLabels":[],"packagingLabelCodes":[],"hierarchyPath":[{"id":"Herkku_00000360","name":"Suolakeksit","slug":"leivat-keksit-ja-leivonnaiset-1/keksit/suolakeksit","__typename":"HierarchyPathItem"},{"id":"Herkku_00000065","name":"Keksit","slug":"leivat-keksit-ja-leivonnaiset-1/keksit","__typename":"HierarchyPathItem"},{"id":"Herkku_00000008","name":"Leivät, keksit ja leivonnaiset","slug":"leivat-keksit-ja-leivonnaiset-1","__typename":"HierarchyPathItem"}],"isGlobalFallback":null,"countryName":{"fi":"Unkari","__typename":"CountryName"}},{"id":"7622300313715","ean":"7622300313715","name":"Marabou Premium FIN 70% Mint suklaalevy 100g","price":2.09,"storeId":725782447,"__typename":"Product","approxPrice":false,"basicQuantityUnit":"KPL","comparisonPrice":20.9,"comparisonUnit":"KGM","consumerPackageSize":null,"consumerPackageUnit":null,"priceUnit":"KPL","quantityMultiplier":1,"brandName":"Marabou","slug":"marabou-premium-fin-70-mint-suklaalevy-100g","isAgeLimitedByAlcohol":false,"frozen":false,"packagingLabels":["Cocoa Life"],"packagingLabelCodes":["COCOA_LIFE"],"hierarchyPath":[{"id":"Herkku_00000334","name":"Suklaalevyt","slug":"makeiset-ja-naposteltavat-1/suklaat/suklaalevyt","__typename":"HierarchyPathItem"},{"id":"Herkku_00000060","name":"Suklaat","slug":"makeiset-ja-naposteltavat-1/suklaat","__typename":"HierarchyPathItem"},{"id":"Herkku_00000009","name":"Makeiset ja naposteltavat","slug":"makeiset-ja-naposteltavat-1","__typename":"HierarchyPathItem"}],"isGlobalFallback":null,"countryName":{"fi":"Saksa","__typename":"CountryName"}},{"id":"7622300336738","ean":"7622300336738","name":"Oreo Original täytekeksi 154g","price":1.95,"storeId":725782447,"__typename":"Product","approxPrice":false,"basicQuantityUnit":"KPL","comparisonPrice":12.66,"comparisonUnit":"KGM","consumerPackageSize":null,"consumerPackageUnit":null,"priceUnit":"KPL","quantityMultiplier":1,"brandName":"Oreo","slug":"oreo-original-taytekeksi-154g","isAgeLimitedByAlcohol":false,"frozen":false,"packagingLabels":["Cocoa Life"],"packagingLabelCodes":["COCOA_LIFE"],"hierarchyPath":null,"isGlobalFallback":null,"countryName":{"fi":"Tšekki","__typename":"CountryName"}},{"id":"7702018015665","ean":"7702018015665","name":"Gillette Satin Care Sensitive Aloe Vera Glide 200ml ihokarvanajogeeli","price":5.05,"storeId":725782447,"__typename":"Product","approxPrice":false,"basicQuantityUnit":"KPL","comparisonPrice":25.25,"comparisonUnit":"LTR","consumerPackageSize":null,"consumerPackageUnit":null,"priceUnit":"KPL","quantityMultiplier":1,"brandName":"Gillette","slug":"gillette-satin-care-sensitive-aloe-vera-glide-200ml-ihokarvanajogeeli","isAgeLimitedByAlcohol":false,"frozen":false,"packagingLabels":[],"packagingLabelCodes":[],"hierarchyPath":[{"id":"1591691233375130","name":"Karvanpoistoaineet","slug":"kosmetiikka-ja-hygienia/ihonhoito/karvanpoistoaineet","__typename":"HierarchyPathItem"},{"id":"1591691233375123","name":"Ihonhoito","slug":"kosmetiikka-ja-hygienia/ihonhoito","__typename":"HierarchyPathItem"},{"id":"1591691233334707","name":"Kosmetiikka ja hygienia","slug":"kosmetiikka-ja-hygienia","__typename":"HierarchyPathItem"}],"isGlobalFallback":null,"countryName":{"fi":"Iso-Britannia","__typename":"CountryName"}},{"id":"7702018462933","ean":"7702018462933","name":"Gillette 5kpl Mach3 terä","price":17.9,"storeId":725782447,"__typename":"Product","approxPrice":false,"basicQuantityUnit":"KPL","comparisonPrice":3.58,"comparisonUnit":"PCE","consumerPackageSize":null,"consumerPackageUnit":null,"priceUnit":"KPL","quantityMultiplier":1,"brandName":"Gillette","slug":"gillette-5kpl-mach3-tera","isAgeLimitedByAlcohol":false,"frozen":false,"packagingLabels":[],"packagingLabelCodes":[],"hierarchyPath":[{"id":"1591691233375132","name":"Partakoneet ja parranajovälineet","slug":"kosmetiikka-ja-hygienia/ihonhoito/partakoneet-ja-parranajovalineet","__typename":"HierarchyPathItem"},{"id":"1591691233375123","name":"Ihonhoito","slug":"kosmetiikka-ja-hygienia/ihonhoito","__typename":"HierarchyPathItem"},{"id":"1591691233334707","name":"Kosmetiikka ja hygienia","slug":"kosmetiikka-ja-hygienia","__typename":"HierarchyPathItem"}],"isGlobalFallback":null,"countryName":{"fi":"Puola","__typename":"CountryName"}},{"id":"7702018465552","ean":"7702018465552","name":"Gillette 4kpl Simply Venus3 varsiterä","price":5.95,"storeId":725782447,"__typename":"Product","approxPrice":false,"basicQuantityUnit":"KPL","comparisonPrice":1.49,"comparisonUnit":"PCE","consumerPackageSize":null,"consumerPackageUnit":null,"priceUnit":"KPL","quantityMultiplier":1,"brandName":"Gillette","slug":"gillette-4kpl-simply-venus3-varsitera","isAgeLimitedByAlcohol":false,"frozen":false,"packagingLabels":[],"packagingLabelCodes":[],"hierarchyPath":[{"id":"1591691233375131","name":"Karvanpoistovälineet ja höylät","slug":"kosmetiikka-ja-hygienia/ihonhoito/karvanpoistovalineet-ja-hoylat","__typename":"HierarchyPathItem"},{"id":"1591691233375123","name":"Ihonhoito","slug":"kosmetiikka-ja-hygienia/ihonhoito","__typename":"HierarchyPathItem"},{"id":"1591691233334707","name":"Kosmetiikka ja hygienia","slug":"kosmetiikka-ja-hygienia","__typename":"HierarchyPathItem"}],"isGlobalFallback":null,"countryName":{"fi":"Puola","__typename":"CountryName"}},{"id":"7702018477418","ean":"7702018477418","name":"Gillette 4kpl Blue3 Smooth varsiterä","price":4.95,"storeId":725782447,"__typename":"Product","approxPrice":false,"basicQuantityUnit":"KPL","comparisonPrice":1.24,"comparisonUnit":"PCE","consumerPackageSize":null,"consumerPackageUnit":null,"priceUnit":"KPL","quantityMultiplier":1,"brandName":"Gillette","slug":"gillette-4kpl-blue3-smooth-varsitera","isAgeLimitedByAlcohol":false,"frozen":false,"packagingLabels":[],"packagingLabelCodes":[],"hierarchyPath":[{"id":"1591691233375132","name":"Partakoneet ja parranajovälineet","slug":"kosmetiikka-ja-hygienia/ihonhoito/partakoneet-ja-parranajovalineet","__typename":"HierarchyPathItem"},{"id":"1591691233375123","name":"Ihonhoito","slug":"kosmetiikka-ja-hygienia/ihonhoito","__typename":"HierarchyPathItem"},{"id":"1591691233334707","name":"Kosmetiikka ja hygienia","slug":"kosmetiikka-ja-hygienia","__typename":"HierarchyPathItem"}],"isGlobalFallback":null,"countryName":{"fi":"Puola","__typename":"CountryName"}},{"id":"7702018582297","ean":"7702018582297","name":"Gillette Mach3 höylä+2 terää","price":12.5,"storeId":725782447,"__typename":"Product","approxPrice":false,"basicQuantityUnit":"KPL","comparisonPrice":12.5,"comparisonUnit":"PCE","consumerPackageSize":null,"consumerPackageUnit":null,"priceUnit":"KPL","quantityMultiplier":1,"brandName":"Gillette","slug":"gillette-mach3-hoyla2-teraa","isAgeLimitedByAlcohol":false,"frozen":false,"packagingLabels":[],"packagingLabelCodes":[],"hierarchyPath":[{"id":"1591691233375132","name":"Partakoneet ja parranajovälineet","slug":"kosmetiikka-ja-hygienia/ihonhoito/partakoneet-ja-parranajovalineet","__typename":"HierarchyPathItem"},{"id":"1591691233375123","name":"Ihonhoito","slug":"kosmetiikka-ja-hygienia/ihonhoito","__typename":"HierarchyPathItem"},{"id":"1591691233334707","name":"Kosmetiikka ja hygienia","slug":"kosmetiikka-ja-hygienia","__typename":"HierarchyPathItem"}],"isGlobalFallback":null,"countryName":{"fi":"Kiina","__typename":"CountryName"}},{"id":"7702018980819","ean":"7702018980819","name":"Gillette Soothing Sensitive 200ml parranajogeeli","price":5.25,"storeId":725782447,"__typename":"Product","approxPrice":false,"basicQuantityUnit":"KPL","comparisonPrice":26.25,"comparisonUnit":"LTR","consumerPackageSize":null,"consumerPackageUnit":null,"priceUnit":"KPL","quantityMultiplier":1,"brandName":"Gillette","slug":"gillette-soothing-sensitive-200ml-parranajogeeli","isAgeLimitedByAlcohol":false,"frozen":false,"packagingLabels":[],"packagingLabelCodes":[],"hierarchyPath":[{"id":"1591691233375133","name":"Parranajoaineet ja parranhoito","slug":"kosmetiikka-ja-hygienia/ihonhoito/parranajoaineet-ja-parranhoito","__typename":"HierarchyPathItem"},{"id":"1591691233375123","name":"Ihonhoito","slug":"kosmetiikka-ja-hygienia/ihonhoito","__typename":"HierarchyPathItem"},{"id":"1591691233334707","name":"Kosmetiikka ja hygienia","slug":"kosmetiikka-ja-hygienia","__typename":"HierarchyPathItem"}],"isGlobalFallback":null,"countryName":{"fi":"Iso-Britannia","__typename":"CountryName"}},{"id":"7702018980925","ean":"7702018980925","name":"Gillette Original Foam 200ml parranajovaahto","price":3.05,"storeId":725782447,"__typename":"Product","approxPrice":false,"basicQuantityUnit":"KPL","comparisonPrice":15.25,"comparisonUnit":"LTR","consumerPackageSize":null,"consumerPackageUnit":null,"priceUnit":"KPL","quantityMultiplier":1,"brandName":"Gillette","slug":"gillette-original-foam-200ml-parranajovaahto","isAgeLimitedByAlcohol":false,"frozen":false,"packagingLabels":[],"packagingLabelCodes":[],"hierarchyPath":[{"id":"1591691233375133","name":"Parranajoaineet ja parranhoito","slug":"kosmetiikka-ja-hygienia/ihonhoito/parranajoaineet-ja-parranhoito","__typename":"HierarchyPathItem"},{"id":"1591691233375123","name":"Ihonhoito","slug":"kosmetiikka-ja-hygienia/ihonhoito","__typename":"HierarchyPathItem"},{"id":"1591691233334707","name":"Kosmetiikka ja hygienia","slug":"kosmetiikka-ja-hygienia","__typename":"HierarchyPathItem"}],"isGlobalFallback":null,"countryName":{"fi":"Iso-Britannia","__typename":"CountryName"}},{"id":"8000070038868","ean":"8000070038868","name":"Lavazza Crema e Gusto 250g","price":3.99,"storeId":725782447,"__typename":"Product","approxPrice":false,"basicQuantityUnit":"KPL","comparisonPrice":15.96,"comparisonUnit":"KGM","consumerPackageSize":null,"consumerPackageUnit":null,"priceUnit":"KPL","quantityMultiplier":1,"brandName":"Lavazza","slug":"lavazza-crema-e-gusto-250g","isAgeLimitedByAlcohol":false,"frozen":false,"packagingLabels":[],"packagingLabelCodes":[],"hierarchyPath":[{"id":"1591691224561855","name":"Kahvit","slug":"juomat-1/kahvit-ja-suodatinpaperit/kahvit","__typename":"HierarchyPathItem"},{"id":"Herkku_00000089","name":"Kahvit ja suodatinpaperit","slug":"juomat-1/kahvit-ja-suodatinpaperit","__typename":"HierarchyPathItem"},{"id":"Herkku_00000005","name":"Juomat","slug":"juomat-1","__typename":"HierarchyPathItem"}],"isGlobalFallback":null,"countryName":{"fi":"Italia","__typename":"CountryName"}},{"id":"8000920473696","ean":"8000920473696","name":"Heartbrand Twister 400ML / 362g monipakkaus Ananas-mansikka-lime","price":3.59,"storeId":725782447,"__typename":"Product","approxPrice":false,"basicQuantityUnit":"KPL","comparisonPrice":9.92,"comparisonUnit":"KGM","consumerPackageSize":null,"consumerPackageUnit":null,"priceUnit":"KPL","quantityMultiplier":1,"brandName":"Heartbrand","slug":"heartbrand-twister-400ml-362g-monipakkaus-ananas-mansikka-lime","isAgeLimitedByAlcohol":false,"frozen":true,"packagingLabels":[],"packagingLabelCodes":[],"hierarchyPath":[{"id":"1591691225905930","name":"Jäätelöpakkaukset","slug":"pakasteet-1/jaatelot/jaatelopakkaukset","__typename":"HierarchyPathItem"},{"id":"Herkku_00000130","name":"Jäätelöt","slug":"pakasteet-1/jaatelot","__typename":"HierarchyPathItem"},{"id":"Herkku_00000013","name":"Pakasteet","slug":"pakasteet-1","__typename":"HierarchyPathItem"}],"isGlobalFallback":null,"countryName":{"fi":"Iso-Britannia","__typename":"CountryName"}},{"id":"8000920855331","ean":"8000920855331","name":"Ingman Kingis Minttu Laktoositon Jäätelö 78ml/52g","price":1.79,"storeId":725782447,"__typename":"Product","approxPrice":false,"basicQuantityUnit":"KPL","comparisonPrice":34.42,"comparisonUnit":"KGM","consumerPackageSize":null,"consumerPackageUnit":null,"priceUnit":"KPL","quantityMultiplier":1,"brandName":"Kingis","slug":"ingman-kingis-minttu-laktoositon-jaatelo-78ml52g","isAgeLimitedByAlcohol":false,"frozen":true,"packagingLabels":[],"packagingLabelCodes":[],"hierarchyPath":[{"id":"1591691225905928","name":"Yksittäiset jäätelöt","slug":"pakasteet-1/jaatelot/yksittaiset-jaatelot","__typename":"HierarchyPathItem"},{"id":"Herkku_00000130","name":"Jäätelöt","slug":"pakasteet-1/jaatelot","__typename":"HierarchyPathItem"},{"id":"Herkku_00000013","name":"Pakasteet","slug":"pakasteet-1","__typename":"HierarchyPathItem"}],"isGlobalFallback":null,"countryName":{"fi":"Suomi","__typename":"CountryName"}},{"id":"8001090011398","ean":"8001090011398","name":"Fairy 22kpl Original All in One konetiskitabletti","price":4.69,"storeId":725782447,"__typename":"Product","approxPrice":false,"basicQuantityUnit":"KPL","comparisonPrice":0.21,"comparisonUnit":"PCE","consumerPackageSize":null,"consumerPackageUnit":null,"priceUnit":"KPL","quantityMultiplier":1,"brandName":"Fairy","slug":"fairy-22kpl-original-all-in-one-konetiskitabletti","isAgeLimitedByAlcohol":false,"frozen":false,"packagingLabels":[],"packagingLabelCodes":[],"hierarchyPath":[{"id":"1591691234596269","name":"Konetiskiaineet","slug":"kodinhoito-ja-taloustarvikkeet/astianpesu/konetiskiaineet","__typename":"HierarchyPathItem"},{"id":"1591691234596262","name":"Astianpesu","slug":"kodinhoito-ja-taloustarvikkeet/astianpesu","__typename":"HierarchyPathItem"},{"id":"1591691234596256","name":"Kodinhoito ja taloustarvikkeet","slug":"kodinhoito-ja-taloustarvikkeet","__typename":"HierarchyPathItem"}],"isGlobalFallback":null,"countryName":{"fi":"Belgia","__typename":"CountryName"}},{"id":"8001090131232","ean":"8001090131232","name":"Always 30kpl Normal Fresh&Protect pikkuhousunsuoja","price":2.95,"storeId":725782447,"__typename":"Product","approxPrice":false,"basicQuantityUnit":"KPL","comparisonPrice":0.1,"comparisonUnit":"PCE","consumerPackageSize":null,"consumerPackageUnit":null,"priceUnit":"KPL","quantityMultiplier":1,"brandName":"Always","slug":"always-30kpl-normal-freshandprotect-pikkuhousunsuoja","isAgeLimitedByAlcohol":false,"frozen":false,"packagingLabels":[],"packagingLabelCodes":[],"hierarchyPath":[{"id":"1591691233571268","name":"Pikkuhousunsuojat","slug":"kosmetiikka-ja-hygienia/intiimihygienia-ja-intiimituotteet/pikkuhousunsuojat","__typename":"HierarchyPathItem"},{"id":"1591691233571247","name":"Intiimihygienia ja intiimituotteet","slug":"kosmetiikka-ja-hygienia/intiimihygienia-ja-intiimituotteet","__typename":"HierarchyPathItem"},{"id":"1591691233334707","name":"Kosmetiikka ja hygienia","slug":"kosmetiikka-ja-hygienia","__typename":"HierarchyPathItem"}],"isGlobalFallback":null,"countryName":{"fi":"Ukraina","__typename":"CountryName"}},{"id":"8001585002153","ean":"8001585002153","name":"ROLL MAX CACAO - KÄÄRETORTTU KAAKAOKREEMITÄYTTEELLÄ, LOKÖÖRILLÄ JA SUKLAANMAKUISELLA KUORRUTTEELLA .","price":2.79,"storeId":725782447,"__typename":"Product","approxPrice":false,"basicQuantityUnit":"KPL","comparisonPrice":9.3,"comparisonUnit":"KGM","consumerPackageSize":null,"consumerPackageUnit":null,"priceUnit":"KPL","quantityMultiplier":1,"brandName":"Balconi","slug":"roll-max-cacao-kaaretorttu-kaakaokreemitaytteella-lokoorilla-ja-suklaanmakuisella-kuorrutteella","isAgeLimitedByAlcohol":false,"frozen":false,"packagingLabels":[],"packagingLabelCodes":[],"hierarchyPath":[{"id":"Herkku_00000943","name":"Kääretortut","slug":"leivat-keksit-ja-leivonnaiset-1/leivonnaiset/kaaretortut","__typename":"HierarchyPathItem"},{"id":"Herkku_00000152","name":"Leivonnaiset","slug":"leivat-keksit-ja-leivonnaiset-1/leivonnaiset","__typename":"HierarchyPathItem"},{"id":"Herkku_00000008","name":"Leivät, keksit ja leivonnaiset","slug":"leivat-keksit-ja-leivonnaiset-1","__typename":"HierarchyPathItem"}],"isGlobalFallback":null,"countryName":{"fi":"Italia","__typename":"CountryName"}},{"id":"8001655001017","ean":"8001655001017","name":"Pasini Arborio Risottoriisi 1kg","price":2.69,"storeId":725782447,"__typename":"Product","approxPrice":false,"basicQuantityUnit":"KPL","comparisonPrice":2.69,"comparisonUnit":"KGM","consumerPackageSize":null,"consumerPackageUnit":null,"priceUnit":"KPL","quantityMultiplier":1,"brandName":"RISO Pasini","slug":"pasini-arborio-risottoriisi-1kg","isAgeLimitedByAlcohol":false,"frozen":false,"packagingLabels":[],"packagingLabelCodes":[],"hierarchyPath":[{"id":"Herkku_00000476","name":"Risotto ja sushiriisit","slug":"kuivatuotteet-ja-leivonta-1/riisit-pastat-ja-nuudelit/risotto-ja-sushiriisit","__typename":"HierarchyPathItem"},{"id":"Herkku_00000088","name":"Riisit, pastat ja nuudelit","slug":"kuivatuotteet-ja-leivonta-1/riisit-pastat-ja-nuudelit","__typename":"HierarchyPathItem"},{"id":"Herkku_00000007","name":"Kuivatuotteet ja leivonta","slug":"kuivatuotteet-ja-leivonta-1","__typename":"HierarchyPathItem"}],"isGlobalFallback":null,"countryName":{"fi":"Italia","__typename":"CountryName"}},{"id":"8001655010972","ean":"8001655010972","name":"Pasini Sushiriisi 500g","price":2.45,"storeId":725782447,"__typename":"Product","approxPrice":false,"basicQuantityUnit":"KPL","comparisonPrice":4.9,"comparisonUnit":"KGM","consumerPackageSize":null,"consumerPackageUnit":null,"priceUnit":"KPL","quantityMultiplier":1,"brandName":"RISO Pasini","slug":"pasini-sushiriisi-500g","isAgeLimitedByAlcohol":false,"frozen":false,"packagingLabels":[],"packagingLabelCodes":[],"hierarchyPath":[{"id":"Herkku_00000432","name":"Muut maustekastikkeet","slug":"oljyt-mausteet-maustaminen-1/maustekastikkeet-ja-tahnat/muut-maustekastikkeet","__typename":"HierarchyPathItem"},{"id":"Herkku_00000078","name":"Maustekastikkeet ja tahnat","slug":"oljyt-mausteet-maustaminen-1/maustekastikkeet-ja-tahnat","__typename":"HierarchyPathItem"},{"id":"Herkku_00000011","name":"Öljyt, mausteet, maustaminen","slug":"oljyt-mausteet-maustaminen-1","__typename":"HierarchyPathItem"}],"isGlobalFallback":null,"countryName":{"fi":"Italia","__typename":"CountryName"}},{"id":"8001860253522","ean":"8001860253522","name":"Riso Scotti Hakumaki 500g Sushi riisi","price":2.85,"storeId":725782447,"__typename":"Product","approxPrice":false,"basicQuantityUnit":"KPL","comparisonPrice":5.7,"comparisonUnit":"KGM","consumerPackageSize":null,"consumerPackageUnit":null,"priceUnit":"KPL","quantityMultiplier":1,"brandName":"Riso Scotti","slug":"riso-scotti-hakumaki-500g-sushi-riisi","isAgeLimitedByAlcohol":false,"frozen":false,"packagingLabels":[],"packagingLabelCodes":[],"hierarchyPath":[{"id":"Herkku_00000432","name":"Muut maustekastikkeet","slug":"oljyt-mausteet-maustaminen-1/maustekastikkeet-ja-tahnat/muut-maustekastikkeet","__typename":"HierarchyPathItem"},{"id":"Herkku_00000078","name":"Maustekastikkeet ja tahnat","slug":"oljyt-mausteet-maustaminen-1/maustekastikkeet-ja-tahnat","__typename":"HierarchyPathItem"},{"id":"Herkku_00000011","name":"Öljyt, mausteet, maustaminen","slug":"oljyt-mausteet-maustaminen-1","__typename":"HierarchyPathItem"}],"isGlobalFallback":null,"countryName":{"fi":"Italia","__typename":"CountryName"}},{"id":"8001868002917","ean":"8001868002917","name":"Castelli Parmigiano Reggiano tuoreraaste 70 g","price":2.49,"storeId":725782447,"__typename":"Product","approxPrice":false,"basicQuantityUnit":"KPL","comparisonPrice":35.57,"comparisonUnit":"KGM","consumerPackageSize":null,"consumerPackageUnit":null,"priceUnit":"KPL","quantityMultiplier":1,"brandName":"Castelli","slug":"castelli-parmigiano-reggiano-tuoreraaste-70-g","isAgeLimitedByAlcohol":false,"frozen":false,"packagingLabels":[],"packagingLabelCodes":[],"hierarchyPath":[{"id":"1591691244827924","name":"Juustoraasteet","slug":"juustot-0/ruoka-ja-herkuttelujuustot/juustoraasteet","__typename":"HierarchyPathItem"},{"id":"1591691244827915","name":"Ruoka- ja herkuttelujuustot","slug":"juustot-0/ruoka-ja-herkuttelujuustot","__typename":"HierarchyPathItem"},{"id":"Herkku_00000003","name":"Juustot","slug":"juustot-0","__typename":"HierarchyPathItem"}],"isGlobalFallback":null,"countryName":{"fi":"Italia","__typename":"CountryName"}},{"id":"8002670004205","ean":"8002670004205","name":"Granarolo 125g mozzarella juusto","price":1.95,"storeId":725782447,"__typename":"Product","approxPrice":false,"basicQuantityUnit":"KPL","comparisonPrice":15.6,"comparisonUnit":"KGM","consumerPackageSize":null,"consumerPackageUnit":null,"priceUnit":"KPL","quantityMultiplier":1,"brandName":"Granarolo","slug":"granarolo-125g-mozzarella-juusto","isAgeLimitedByAlcohol":false,"frozen":false,"packagingLabels":[],"packagingLabelCodes":[],"hierarchyPath":[{"id":"1591691244827929","name":"Mozzarella juustot","slug":"juustot-0/ruoka-ja-herkuttelujuustot/mozzarella-juustot","__typename":"HierarchyPathItem"},{"id":"1591691244827915","name":"Ruoka- ja herkuttelujuustot","slug":"juustot-0/ruoka-ja-herkuttelujuustot","__typename":"HierarchyPathItem"},{"id":"Herkku_00000003","name":"Juustot","slug":"juustot-0","__typename":"HierarchyPathItem"}],"isGlobalFallback":null,"countryName":{"fi":"Italia","__typename":"CountryName"}},{"id":"8002670050202","ean":"8002670050202","name":"Granarolo 200g Parmigiano Reggiano parmesaanijuusto","price":6.65,"storeId":725782447,"__typename":"Product","approxPrice":false,"basicQuantityUnit":"KPL","comparisonPrice":33.25,"comparisonUnit":"KGM","consumerPackageSize":null,"consumerPackageUnit":null,"priceUnit":"KPL","quantityMultiplier":1,"brandName":"Granarolo","slug":"granarolo-200g-parmigiano-reggiano-parmesaanijuusto","isAgeLimitedByAlcohol":false,"frozen":false,"packagingLabels":[],"packagingLabelCodes":[],"hierarchyPath":[{"id":"1591691244827930","name":"Parmesan juustot","slug":"juustot-0/ruoka-ja-herkuttelujuustot/parmesan-juustot","__typename":"HierarchyPathItem"},{"id":"1591691244827915","name":"Ruoka- ja herkuttelujuustot","slug":"juustot-0/ruoka-ja-herkuttelujuustot","__typename":"HierarchyPathItem"},{"id":"Herkku_00000003","name":"Juustot","slug":"juustot-0","__typename":"HierarchyPathItem"}],"isGlobalFallback":null,"countryName":{"fi":"Italia","__typename":"CountryName"}},{"id":"8003340098005","ean":"8003340098005","name":"Lindt Lindor Maito täyte maitosuklaakuula 137g","price":4.49,"storeId":725782447,"__typename":"Product","approxPrice":false,"basicQuantityUnit":"KPL","comparisonPrice":32.77,"comparisonUnit":"KGM","consumerPackageSize":null,"consumerPackageUnit":null,"priceUnit":"KPL","quantityMultiplier":1,"brandName":"Lindt","slug":"lindt-lindor-maito-tayte-maitosuklaakuula-137g","isAgeLimitedByAlcohol":false,"frozen":false,"packagingLabels":[],"packagingLabelCodes":[],"hierarchyPath":[{"id":"Herkku_00000326","name":"Suklaa","slug":"makeiset-ja-naposteltavat-1/karkkipussit/suklaa","__typename":"HierarchyPathItem"},{"id":"Herkku_00000055","name":"Karkkipussit","slug":"makeiset-ja-naposteltavat-1/karkkipussit","__typename":"HierarchyPathItem"},{"id":"Herkku_00000009","name":"Makeiset ja naposteltavat","slug":"makeiset-ja-naposteltavat-1","__typename":"HierarchyPathItem"}],"isGlobalFallback":null,"countryName":{"fi":"Italia","__typename":"CountryName"}},{"id":"8005110000775","ean":"8005110000775","name":"Mutti 400g pastakastike parmesaani","price":2.79,"storeId":725782447,"__typename":"Product","approxPrice":false,"basicQuantityUnit":"KPL","comparisonPrice":6.98,"comparisonUnit":"KGM","consumerPackageSize":null,"consumerPackageUnit":null,"priceUnit":"KPL","quantityMultiplier":1,"brandName":"Mutti","slug":"mutti-400g-pastakastike-parmesaani","isAgeLimitedByAlcohol":false,"frozen":false,"packagingLabels":[],"packagingLabelCodes":[],"hierarchyPath":[{"id":"Herkku_00000452","name":"Pastakastikkeet","slug":"oljyt-mausteet-maustaminen-1/maustekastikkeet-ja-tahnat/pastakastikkeet","__typename":"HierarchyPathItem"},{"id":"Herkku_00000078","name":"Maustekastikkeet ja tahnat","slug":"oljyt-mausteet-maustaminen-1/maustekastikkeet-ja-tahnat","__typename":"HierarchyPathItem"},{"id":"Herkku_00000011","name":"Öljyt, mausteet, maustaminen","slug":"oljyt-mausteet-maustaminen-1","__typename":"HierarchyPathItem"}],"isGlobalFallback":null,"countryName":{"fi":"Italia","__typename":"CountryName"}},{"id":"8005110170423","ean":"8005110170423","name":"Mutti Polpa basilika hieno tomaattimurska 400g","price":1.55,"storeId":725782447,"__typename":"Product","approxPrice":false,"basicQuantityUnit":"KPL","comparisonPrice":3.88,"comparisonUnit":"KGM","consumerPackageSize":null,"consumerPackageUnit":null,"priceUnit":"KPL","quantityMultiplier":1,"brandName":"Mutti","slug":"mutti-polpa-basilika-hieno-tomaattimurska-400g","isAgeLimitedByAlcohol":false,"frozen":false,"packagingLabels":[],"packagingLabelCodes":[],"hierarchyPath":[{"id":"Herkku_00000357","name":"Kasvissäilykkeet","slug":"kuivatuotteet-ja-leivonta-1/sailykkeet/kasvissailykkeet","__typename":"HierarchyPathItem"},{"id":"Herkku_00000063","name":"Säilykkeet","slug":"kuivatuotteet-ja-leivonta-1/sailykkeet","__typename":"HierarchyPathItem"},{"id":"Herkku_00000007","name":"Kuivatuotteet ja leivonta","slug":"kuivatuotteet-ja-leivonta-1","__typename":"HierarchyPathItem"}],"isGlobalFallback":null,"countryName":{"fi":"Italia","__typename":"CountryName"}},{"id":"8005110170461","ean":"8005110170461","name":"Mutti Polpa valkosipuli hieno tomaattimurska 400g","price":1.59,"storeId":725782447,"__typename":"Product","approxPrice":false,"basicQuantityUnit":"KPL","comparisonPrice":3.98,"comparisonUnit":"KGM","consumerPackageSize":null,"consumerPackageUnit":null,"priceUnit":"KPL","quantityMultiplier":1,"brandName":"Mutti","slug":"mutti-polpa-valkosipuli-hieno-tomaattimurska-400g","isAgeLimitedByAlcohol":false,"frozen":false,"packagingLabels":[],"packagingLabelCodes":[],"hierarchyPath":[{"id":"Herkku_00000357","name":"Kasvissäilykkeet","slug":"kuivatuotteet-ja-leivonta-1/sailykkeet/kasvissailykkeet","__typename":"HierarchyPathItem"},{"id":"Herkku_00000063","name":"Säilykkeet","slug":"kuivatuotteet-ja-leivonta-1/sailykkeet","__typename":"HierarchyPathItem"},{"id":"Herkku_00000007","name":"Kuivatuotteet ja leivonta","slug":"kuivatuotteet-ja-leivonta-1","__typename":"HierarchyPathItem"}],"isGlobalFallback":null,"countryName":{"fi":"Italia","__typename":"CountryName"}},{"id":"8005110200007","ean":"8005110200007","name":"Mutti 140g tomaattipyre kaksinkertaisesti tiivistetty","price":1.09,"storeId":725782447,"__typename":"Product","approxPrice":false,"basicQuantityUnit":"KPL","comparisonPrice":7.79,"comparisonUnit":"KGM","consumerPackageSize":null,"consumerPackageUnit":null,"priceUnit":"KPL","quantityMultiplier":1,"brandName":"Mutti","slug":"mutti-140g-tomaattipyre-kaksinkertaisesti-tiivistetty","isAgeLimitedByAlcohol":false,"frozen":false,"packagingLabels":[],"packagingLabelCodes":[],"hierarchyPath":[{"id":"Herkku_00000357","name":"Kasvissäilykkeet","slug":"kuivatuotteet-ja-leivonta-1/sailykkeet/kasvissailykkeet","__typename":"HierarchyPathItem"},{"id":"Herkku_00000063","name":"Säilykkeet","slug":"kuivatuotteet-ja-leivonta-1/sailykkeet","__typename":"HierarchyPathItem"},{"id":"Herkku_00000007","name":"Kuivatuotteet ja leivonta","slug":"kuivatuotteet-ja-leivonta-1","__typename":"HierarchyPathItem"}],"isGlobalFallback":null,"countryName":{"fi":"Italia","__typename":"CountryName"}},{"id":"8005110517006","ean":"8005110517006","name":"Mutti 400g pastakastike basilika","price":2.79,"storeId":725782447,"__typename":"Product","approxPrice":false,"basicQuantityUnit":"KPL","comparisonPrice":6.98,"comparisonUnit":"KGM","consumerPackageSize":null,"consumerPackageUnit":null,"priceUnit":"KPL","quantityMultiplier":1,"brandName":"Mutti","slug":"mutti-400g-pastakastike-basilika","isAgeLimitedByAlcohol":false,"frozen":false,"packagingLabels":[],"packagingLabelCodes":[],"hierarchyPath":[{"id":"Herkku_00000452","name":"Pastakastikkeet","slug":"oljyt-mausteet-maustaminen-1/maustekastikkeet-ja-tahnat/pastakastikkeet","__typename":"HierarchyPathItem"},{"id":"Herkku_00000078","name":"Maustekastikkeet ja tahnat","slug":"oljyt-mausteet-maustaminen-1/maustekastikkeet-ja-tahnat","__typename":"HierarchyPathItem"},{"id":"Herkku_00000011","name":"Öljyt, mausteet, maustaminen","slug":"oljyt-mausteet-maustaminen-1","__typename":"HierarchyPathItem"}],"isGlobalFallback":null,"countryName":{"fi":"Italia","__typename":"CountryName"}},{"id":"8005110551215","ean":"8005110551215","name":"Mutti aromaattinen pizzakastike 400g","price":1.69,"storeId":725782447,"__typename":"Product","approxPrice":false,"basicQuantityUnit":"KPL","comparisonPrice":4.22,"comparisonUnit":"KGM","consumerPackageSize":null,"consumerPackageUnit":null,"priceUnit":"KPL","quantityMultiplier":1,"brandName":"Mutti","slug":"mutti-aromaattinen-pizzakastike-400g","isAgeLimitedByAlcohol":false,"frozen":false,"packagingLabels":[],"packagingLabelCodes":[],"hierarchyPath":[{"id":"Herkku_00000357","name":"Kasvissäilykkeet","slug":"kuivatuotteet-ja-leivonta-1/sailykkeet/kasvissailykkeet","__typename":"HierarchyPathItem"},{"id":"Herkku_00000063","name":"Säilykkeet","slug":"kuivatuotteet-ja-leivonta-1/sailykkeet","__typename":"HierarchyPathItem"},{"id":"Herkku_00000007","name":"Kuivatuotteet ja leivonta","slug":"kuivatuotteet-ja-leivonta-1","__typename":"HierarchyPathItem"}],"isGlobalFallback":null,"countryName":{"fi":"Italia","__typename":"CountryName"}},{"id":"8006320068234","ean":"8006320068234","name":"VIM 500ml Classic cream Lemon hankausneste","price":2.89,"storeId":725782447,"__typename":"Product","approxPrice":false,"basicQuantityUnit":"KPL","comparisonPrice":5.78,"comparisonUnit":"LTR","consumerPackageSize":null,"consumerPackageUnit":null,"priceUnit":"KPL","quantityMultiplier":1,"brandName":"Vim","slug":"vim-500ml-classic-cream-lemon-hankausneste","isAgeLimitedByAlcohol":false,"frozen":false,"packagingLabels":[],"packagingLabelCodes":[],"hierarchyPath":[{"id":"1591691234596344","name":"Erikoispuhdistusaineet","slug":"kodinhoito-ja-taloustarvikkeet/siivous-ja-puhdistusaineet/erikoispuhdistusaineet","__typename":"HierarchyPathItem"},{"id":"1591691234596327","name":"Siivous ja puhdistusaineet","slug":"kodinhoito-ja-taloustarvikkeet/siivous-ja-puhdistusaineet","__typename":"HierarchyPathItem"},{"id":"1591691234596256","name":"Kodinhoito ja taloustarvikkeet","slug":"kodinhoito-ja-taloustarvikkeet","__typename":"HierarchyPathItem"}],"isGlobalFallback":null,"countryName":{"fi":"Alankomaat","__typename":"CountryName"}},{"id":"8006540496145","ean":"8006540496145","name":"Pampers 39kpl Baby Dry Pants S4 9-15kg housuvaippa","price":12.79,"storeId":725782447,"__typename":"Product","approxPrice":false,"basicQuantityUnit":"KPL","comparisonPrice":0.33,"comparisonUnit":"PCE","consumerPackageSize":null,"consumerPackageUnit":null,"priceUnit":"KPL","quantityMultiplier":1,"brandName":"Pampers","slug":"pampers-39kpl-baby-dry-pants-s4-9-15kg-housuvaippa","isAgeLimitedByAlcohol":false,"frozen":false,"packagingLabels":[],"packagingLabelCodes":[],"hierarchyPath":[{"id":"Herkku_00000240","name":"Housuvaipat","slug":"lapset-1/vaipat-ja-lastenhoito/housuvaipat","__typename":"HierarchyPathItem"},{"id":"StructureGroup_1356670909663615","name":"Vaipat ja lastenhoito","slug":"lapset-1/vaipat-ja-lastenhoito","__typename":"HierarchyPathItem"},{"id":"Herkku_00000010","name":"Lapset","slug":"lapset-1","__typename":"HierarchyPathItem"}],"isGlobalFallback":null,"countryName":{"fi":"Puola","__typename":"CountryName"}},{"id":"8006540496190","ean":"8006540496190","name":"Pampers 35kpl Baby Dry Pants S5 12-17kg housuvaippa","price":12.95,"storeId":725782447,"__typename":"Product","approxPrice":false,"basicQuantityUnit":"KPL","comparisonPrice":0.37,"comparisonUnit":"PCE","consumerPackageSize":null,"consumerPackageUnit":null,"priceUnit":"KPL","quantityMultiplier":1,"brandName":"Pampers","slug":"pampers-35kpl-baby-dry-pants-s5-12-17kg-housuvaippa","isAgeLimitedByAlcohol":false,"frozen":false,"packagingLabels":[],"packagingLabelCodes":[],"hierarchyPath":[{"id":"Herkku_00000240","name":"Housuvaipat","slug":"lapset-1/vaipat-ja-lastenhoito/housuvaipat","__typename":"HierarchyPathItem"},{"id":"StructureGroup_1356670909663615","name":"Vaipat ja lastenhoito","slug":"lapset-1/vaipat-ja-lastenhoito","__typename":"HierarchyPathItem"},{"id":"Herkku_00000010","name":"Lapset","slug":"lapset-1","__typename":"HierarchyPathItem"}],"isGlobalFallback":null,"countryName":{"fi":"Puola","__typename":"CountryName"}},{"id":"8007178101432","ean":"8007178101432","name":"Fattorie Giacobazzi Italialainen balsamiviinietikka 250 ml","price":2.09,"storeId":725782447,"__typename":"Product","approxPrice":false,"basicQuantityUnit":"KPL","comparisonPrice":8.36,"comparisonUnit":"LTR","consumerPackageSize":null,"consumerPackageUnit":null,"priceUnit":"KPL","quantityMultiplier":1,"brandName":"Fattorie Giacobazzi","slug":"fattorie-giacobazzi-italialainen-balsamiviinietikka-250-ml","isAgeLimitedByAlcohol":false,"frozen":false,"packagingLabels":[],"packagingLabelCodes":[],"hierarchyPath":[{"id":"Herkku_00000444","name":"Balsamietikat","slug":"oljyt-mausteet-maustaminen-1/etikat-ja-balsamicot/balsamietikat","__typename":"HierarchyPathItem"},{"id":"Herkku_00000082","name":"Etikat ja balsamicot","slug":"oljyt-mausteet-maustaminen-1/etikat-ja-balsamicot","__typename":"HierarchyPathItem"},{"id":"Herkku_00000011","name":"Öljyt, mausteet, maustaminen","slug":"oljyt-mausteet-maustaminen-1","__typename":"HierarchyPathItem"}],"isGlobalFallback":null,"countryName":{"fi":"Italia","__typename":"CountryName"}},{"id":"8008343200486","ean":"8008343200486","name":"Rummo Fusilli pasta no 48 500g","price":2.55,"storeId":725782447,"__typename":"Product","approxPrice":false,"basicQuantityUnit":"KPL","comparisonPrice":5.1,"comparisonUnit":"KGM","consumerPackageSize":null,"consumerPackageUnit":null,"priceUnit":"KPL","quantityMultiplier":1,"brandName":"Rummo","slug":"rummo-fusilli-pasta-no-48-500g","isAgeLimitedByAlcohol":false,"frozen":false,"packagingLabels":[],"packagingLabelCodes":[],"hierarchyPath":[{"id":"Herkku_00000493","name":"Kuviopastat","slug":"kuivatuotteet-ja-leivonta-1/riisit-pastat-ja-nuudelit/kuviopastat","__typename":"HierarchyPathItem"},{"id":"Herkku_00000088","name":"Riisit, pastat ja nuudelit","slug":"kuivatuotteet-ja-leivonta-1/riisit-pastat-ja-nuudelit","__typename":"HierarchyPathItem"},{"id":"Herkku_00000007","name":"Kuivatuotteet ja leivonta","slug":"kuivatuotteet-ja-leivonta-1","__typename":"HierarchyPathItem"}],"isGlobalFallback":null,"countryName":{"fi":"Italia","__typename":"CountryName"}},{"id":"8008440212160","ean":"8008440212160","name":"Peroni Nastro Azzurro 4,6 % 33 cl olut","price":2.94,"storeId":725782447,"__typename":"Product","approxPrice":false,"basicQuantityUnit":"KPL","comparisonPrice":8.61,"comparisonUnit":"LTR","consumerPackageSize":null,"consumerPackageUnit":null,"priceUnit":"KPL","quantityMultiplier":1,"brandName":"Peroni","slug":"peroni-nastro-azzurro-4-6-33-cl-olut","isAgeLimitedByAlcohol":true,"frozen":false,"packagingLabels":[],"packagingLabelCodes":[],"hierarchyPath":[{"id":"Herkku_00000818","name":"Vaalea lager olut","slug":"juomat-1/oluet/vaalea-lager-olut","__typename":"HierarchyPathItem"},{"id":"Herkku_00000135","name":"Oluet","slug":"juomat-1/oluet","__typename":"HierarchyPathItem"},{"id":"Herkku_00000005","name":"Juomat","slug":"juomat-1","__typename":"HierarchyPathItem"}],"isGlobalFallback":null,"countryName":{"fi":"Italia","__typename":"CountryName"}},{"id":"8008698006696","ean":"8008698006696","name":"Croissant a la Francaise 220 g, 4 kpl, GTON","price":4.69,"storeId":725782447,"__typename":"Product","approxPrice":false,"basicQuantityUnit":"KPL","comparisonPrice":21.32,"comparisonUnit":"KGM","consumerPackageSize":null,"consumerPackageUnit":null,"priceUnit":"KPL","quantityMultiplier":1,"brandName":"Schär","slug":"croissant-a-la-francaise-220-g-4-kpl-gton","isAgeLimitedByAlcohol":false,"frozen":true,"packagingLabels":[],"packagingLabelCodes":[],"hierarchyPath":[{"id":"Herkku_00000127","name":"Muut pakasteet","slug":"pakasteet-1/muut-pakasteet","__typename":"HierarchyPathItem"},{"id":"Herkku_00000013","name":"Pakasteet","slug":"pakasteet-1","__typename":"HierarchyPathItem"}],"isGlobalFallback":null,"countryName":{"fi":"Italia","__typename":"CountryName"}},{"id":"8008698006931","ean":"8008698006931","name":"Schär Blätterteig Lehtitaikina Gluteeniton Pakaste 250g","price":4.99,"storeId":725782447,"__typename":"Product","approxPrice":false,"basicQuantityUnit":"KPL","comparisonPrice":19.96,"comparisonUnit":"KGM","consumerPackageSize":null,"consumerPackageUnit":null,"priceUnit":"KPL","quantityMultiplier":1,"brandName":"Schär","slug":"schar-blatterteig-lehtitaikina-gluteeniton-pakaste-250g","isAgeLimitedByAlcohol":false,"frozen":true,"packagingLabels":[],"packagingLabelCodes":[],"hierarchyPath":[{"id":"1591691225974003","name":"Taikinat","slug":"pakasteet-1/leivonnais-ja-leipapakasteet/taikinat","__typename":"HierarchyPathItem"},{"id":"Herkku_00000125","name":"Leivonnais- ja leipäpakasteet","slug":"pakasteet-1/leivonnais-ja-leipapakasteet","__typename":"HierarchyPathItem"},{"id":"Herkku_00000013","name":"Pakasteet","slug":"pakasteet-1","__typename":"HierarchyPathItem"}],"isGlobalFallback":null,"countryName":{"fi":"Italia","__typename":"CountryName"}},{"id":"8076804215058","ean":"8076804215058","name":"Barilla Spaghetti n.5 durumvehnästä valmistettu pasta 1kg","price":2.39,"storeId":725782447,"__typename":"Product","approxPrice":false,"basicQuantityUnit":"KPL","comparisonPrice":2.39,"comparisonUnit":"KGM","consumerPackageSize":null,"consumerPackageUnit":null,"priceUnit":"KPL","quantityMultiplier":1,"brandName":"Barilla","slug":"barilla-spaghetti-n5-durumvehnasta-valmistettu-pasta-1kg","isAgeLimitedByAlcohol":false,"frozen":false,"packagingLabels":[],"packagingLabelCodes":[],"hierarchyPath":[{"id":"Herkku_00000492","name":"Spagetit","slug":"kuivatuotteet-ja-leivonta-1/riisit-pastat-ja-nuudelit/spagetit","__typename":"HierarchyPathItem"},{"id":"Herkku_00000088","name":"Riisit, pastat ja nuudelit","slug":"kuivatuotteet-ja-leivonta-1/riisit-pastat-ja-nuudelit","__typename":"HierarchyPathItem"},{"id":"Herkku_00000007","name":"Kuivatuotteet ja leivonta","slug":"kuivatuotteet-ja-leivonta-1","__typename":"HierarchyPathItem"}],"isGlobalFallback":null,"countryName":null},{"id":"8076809513739","ean":"8076809513739","name":"Barilla Basilico tomaatti-basilikakastike 400g","price":2.89,"storeId":725782447,"__typename":"Product","approxPrice":false,"basicQuantityUnit":"KPL","comparisonPrice":7.23,"comparisonUnit":"KGM","consumerPackageSize":null,"consumerPackageUnit":null,"priceUnit":"KPL","quantityMultiplier":1,"brandName":"Barilla","slug":"barilla-basilico-tomaatti-basilikakastike-400g","isAgeLimitedByAlcohol":false,"frozen":false,"packagingLabels":[],"packagingLabelCodes":[],"hierarchyPath":[{"id":"Herkku_00000452","name":"Pastakastikkeet","slug":"oljyt-mausteet-maustaminen-1/maustekastikkeet-ja-tahnat/pastakastikkeet","__typename":"HierarchyPathItem"},{"id":"Herkku_00000078","name":"Maustekastikkeet ja tahnat","slug":"oljyt-mausteet-maustaminen-1/maustekastikkeet-ja-tahnat","__typename":"HierarchyPathItem"},{"id":"Herkku_00000011","name":"Öljyt, mausteet, maustaminen","slug":"oljyt-mausteet-maustaminen-1","__typename":"HierarchyPathItem"}],"isGlobalFallback":null,"countryName":{"fi":"Italia","__typename":"CountryName"}},{"id":"8076809513753","ean":"8076809513753","name":"Barilla Pesto alla Genovese pestokastike 190g","price":4.49,"storeId":725782447,"__typename":"Product","approxPrice":false,"basicQuantityUnit":"KPL","comparisonPrice":23.63,"comparisonUnit":"KGM","consumerPackageSize":null,"consumerPackageUnit":null,"priceUnit":"KPL","quantityMultiplier":1,"brandName":"Barilla","slug":"barilla-pesto-alla-genovese-pestokastike-190g","isAgeLimitedByAlcohol":false,"frozen":false,"packagingLabels":[],"packagingLabelCodes":[],"hierarchyPath":[{"id":"Herkku_00000427","name":"Pestokastikkeet","slug":"oljyt-mausteet-maustaminen-1/maustekastikkeet-ja-tahnat/pestokastikkeet","__typename":"HierarchyPathItem"},{"id":"Herkku_00000078","name":"Maustekastikkeet ja tahnat","slug":"oljyt-mausteet-maustaminen-1/maustekastikkeet-ja-tahnat","__typename":"HierarchyPathItem"},{"id":"Herkku_00000011","name":"Öljyt, mausteet, maustaminen","slug":"oljyt-mausteet-maustaminen-1","__typename":"HierarchyPathItem"}],"isGlobalFallback":null,"countryName":{"fi":"Italia","__typename":"CountryName"}},{"id":"8076809523561","ean":"8076809523561","name":"Barilla Classico tomaattikastike yrteillä 400g","price":2.89,"storeId":725782447,"__typename":"Product","approxPrice":false,"basicQuantityUnit":"KPL","comparisonPrice":7.23,"comparisonUnit":"KGM","consumerPackageSize":null,"consumerPackageUnit":null,"priceUnit":"KPL","quantityMultiplier":1,"brandName":"Barilla","slug":"barilla-classico-tomaattikastike-yrteilla-400g","isAgeLimitedByAlcohol":false,"frozen":false,"packagingLabels":[],"packagingLabelCodes":[],"hierarchyPath":[{"id":"Herkku_00000452","name":"Pastakastikkeet","slug":"oljyt-mausteet-maustaminen-1/maustekastikkeet-ja-tahnat/pastakastikkeet","__typename":"HierarchyPathItem"},{"id":"Herkku_00000078","name":"Maustekastikkeet ja tahnat","slug":"oljyt-mausteet-maustaminen-1/maustekastikkeet-ja-tahnat","__typename":"HierarchyPathItem"},{"id":"Herkku_00000011","name":"Öljyt, mausteet, maustaminen","slug":"oljyt-mausteet-maustaminen-1","__typename":"HierarchyPathItem"}],"isGlobalFallback":null,"countryName":{"fi":"Italia","__typename":"CountryName"}},{"id":"8076809531382","ean":"8076809531382","name":"Barilla Täysjyvä Spaghetti n.5 durumtäysjyvävehnästä valmistettu pasta 1kg","price":3.75,"storeId":725782447,"__typename":"Product","approxPrice":false,"basicQuantityUnit":"KPL","comparisonPrice":3.75,"comparisonUnit":"KGM","consumerPackageSize":null,"consumerPackageUnit":null,"priceUnit":"KPL","quantityMultiplier":1,"brandName":"Barilla","slug":"barilla-taysjyva-spaghetti-n5-durumtaysjyvavehnasta-valmistettu-pasta-1kg","isAgeLimitedByAlcohol":false,"frozen":false,"packagingLabels":[],"packagingLabelCodes":[],"hierarchyPath":[{"id":"Herkku_00000492","name":"Spagetit","slug":"kuivatuotteet-ja-leivonta-1/riisit-pastat-ja-nuudelit/spagetit","__typename":"HierarchyPathItem"},{"id":"Herkku_00000088","name":"Riisit, pastat ja nuudelit","slug":"kuivatuotteet-ja-leivonta-1/riisit-pastat-ja-nuudelit","__typename":"HierarchyPathItem"},{"id":"Herkku_00000007","name":"Kuivatuotteet ja leivonta","slug":"kuivatuotteet-ja-leivonta-1","__typename":"HierarchyPathItem"}],"isGlobalFallback":null,"countryName":{"fi":"Italia","__typename":"CountryName"}},{"id":"8076809569408","ean":"8076809569408","name":"Barilla 400g tomaattikastike, jossa valkosipulia, punaviini ja yrttejä","price":2.89,"storeId":725782447,"__typename":"Product","approxPrice":false,"basicQuantityUnit":"KPL","comparisonPrice":7.23,"comparisonUnit":"KGM","consumerPackageSize":null,"consumerPackageUnit":null,"priceUnit":"KPL","quantityMultiplier":1,"brandName":"Barilla","slug":"barilla-400g-tomaattikastike-jossa-valkosipulia-punaviini-ja-yrtteja","isAgeLimitedByAlcohol":false,"frozen":false,"packagingLabels":[],"packagingLabelCodes":[],"hierarchyPath":[{"id":"Herkku_00000452","name":"Pastakastikkeet","slug":"oljyt-mausteet-maustaminen-1/maustekastikkeet-ja-tahnat/pastakastikkeet","__typename":"HierarchyPathItem"},{"id":"Herkku_00000078","name":"Maustekastikkeet ja tahnat","slug":"oljyt-mausteet-maustaminen-1/maustekastikkeet-ja-tahnat","__typename":"HierarchyPathItem"},{"id":"Herkku_00000011","name":"Öljyt, mausteet, maustaminen","slug":"oljyt-mausteet-maustaminen-1","__typename":"HierarchyPathItem"}],"isGlobalFallback":null,"countryName":{"fi":"Italia","__typename":"CountryName"}},{"id":"8410076473998","ean":"8410076473998","name":"Old El Paso 6kpl/216g gluteenittomat Tortillat","price":3.65,"storeId":725782447,"__typename":"Product","approxPrice":false,"basicQuantityUnit":"KPL","comparisonPrice":16.9,"comparisonUnit":"KGM","consumerPackageSize":null,"consumerPackageUnit":null,"priceUnit":"KPL","quantityMultiplier":1,"brandName":"Old El Paso","slug":"old-el-paso-6kpl216g-gluteenittomat-tortillat","isAgeLimitedByAlcohol":false,"frozen":false,"packagingLabels":["Gluteeniton elintarvike (yliviivattu tähkä)"],"packagingLabelCodes":["CROSSED_GRAIN_SYMBOL"],"hierarchyPath":[{"id":"Herkku_00000464","name":"Kuoret, tortillat ja dinnerit","slug":"oljyt-mausteet-maustaminen-1/tex-mex/kuoret-tortillat-ja-dinnerit","__typename":"HierarchyPathItem"},{"id":"StructureGroup_198285814629","name":"Tex mex","slug":"oljyt-mausteet-maustaminen-1/tex-mex","__typename":"HierarchyPathItem"},{"id":"Herkku_00000011","name":"Öljyt, mausteet, maustaminen","slug":"oljyt-mausteet-maustaminen-1","__typename":"HierarchyPathItem"}],"isGlobalFallback":null,"countryName":{"fi":"Espanja","__typename":"CountryName"}},{"id":"8410076474650","ean":"8410076474650","name":"Old El Paso Tortilla pockets 223g","price":3.39,"storeId":725782447,"__typename":"Product","approxPrice":false,"basicQuantityUnit":"KPL","comparisonPrice":15.2,"comparisonUnit":"KGM","consumerPackageSize":null,"consumerPackageUnit":null,"priceUnit":"KPL","quantityMultiplier":1,"brandName":"Old El Paso","slug":"old-el-paso-tortilla-pockets-223g","isAgeLimitedByAlcohol":false,"frozen":false,"packagingLabels":[],"packagingLabelCodes":[],"hierarchyPath":[{"id":"Herkku_00000464","name":"Kuoret, tortillat ja dinnerit","slug":"oljyt-mausteet-maustaminen-1/tex-mex/kuoret-tortillat-ja-dinnerit","__typename":"HierarchyPathItem"},{"id":"StructureGroup_198285814629","name":"Tex mex","slug":"oljyt-mausteet-maustaminen-1/tex-mex","__typename":"HierarchyPathItem"},{"id":"Herkku_00000011","name":"Öljyt, mausteet, maustaminen","slug":"oljyt-mausteet-maustaminen-1","__typename":"HierarchyPathItem"}],"isGlobalFallback":null,"countryName":{"fi":"Espanja","__typename":"CountryName"}},{"id":"8410090010636","ean":"8410090010636","name":"Calvo tonnikala auringonkukkaöljyssä 3x80/52g","price":3.89,"storeId":725782447,"__typename":"Product","approxPrice":false,"basicQuantityUnit":"KPL","comparisonPrice":24.94,"comparisonUnit":"KGM","consumerPackageSize":null,"consumerPackageUnit":null,"priceUnit":"KPL","quantityMultiplier":1,"brandName":"Calvo","slug":"calvo-tonnikala-auringonkukkaoljyssa-3x8052g","isAgeLimitedByAlcohol":false,"frozen":false,"packagingLabels":["DOLPHIN_SAFE"],"packagingLabelCodes":["DOLPHIN_SAFE"],"hierarchyPath":[{"id":"Herkku_00000352","name":"Kala- ja äyriäissäilykkeet","slug":"kuivatuotteet-ja-leivonta-1/sailykkeet/kala-ja-ayriaissailykkeet","__typename":"HierarchyPathItem"},{"id":"Herkku_00000063","name":"Säilykkeet","slug":"kuivatuotteet-ja-leivonta-1/sailykkeet","__typename":"HierarchyPathItem"},{"id":"Herkku_00000007","name":"Kuivatuotteet ja leivonta","slug":"kuivatuotteet-ja-leivonta-1","__typename":"HierarchyPathItem"}],"isGlobalFallback":null,"countryName":{"fi":"Espanja","__typename":"CountryName"}},{"id":"8410134006953","ean":"8410134006953","name":"Fragata mustat viipaloidut oliivit 330/170g","price":1.65,"storeId":725782447,"__typename":"Product","approxPrice":false,"basicQuantityUnit":"KPL","comparisonPrice":9.71,"comparisonUnit":"KGM","consumerPackageSize":null,"consumerPackageUnit":null,"priceUnit":"KPL","quantityMultiplier":1,"brandName":"Fragata","slug":"fragata-mustat-viipaloidut-oliivit-330170g","isAgeLimitedByAlcohol":false,"frozen":false,"packagingLabels":[],"packagingLabelCodes":[],"hierarchyPath":[{"id":"Herkku_00000353","name":"Hedelmäsäilykkeet","slug":"kuivatuotteet-ja-leivonta-1/sailykkeet/hedelmasailykkeet","__typename":"HierarchyPathItem"},{"id":"Herkku_00000063","name":"Säilykkeet","slug":"kuivatuotteet-ja-leivonta-1/sailykkeet","__typename":"HierarchyPathItem"},{"id":"Herkku_00000007","name":"Kuivatuotteet ja leivonta","slug":"kuivatuotteet-ja-leivonta-1","__typename":"HierarchyPathItem"}],"isGlobalFallback":null,"countryName":{"fi":"Espanja","__typename":"CountryName"}},{"id":"8410134010417","ean":"8410134010417","name":"Fragata kapris 99/65g","price":1.29,"storeId":725782447,"__typename":"Product","approxPrice":false,"basicQuantityUnit":"KPL","comparisonPrice":19.85,"comparisonUnit":"KGM","consumerPackageSize":null,"consumerPackageUnit":null,"priceUnit":"KPL","quantityMultiplier":1,"brandName":"Fragata","slug":"fragata-kapris-9965g","isAgeLimitedByAlcohol":false,"frozen":false,"packagingLabels":[],"packagingLabelCodes":[],"hierarchyPath":[{"id":"Herkku_00000353","name":"Hedelmäsäilykkeet","slug":"kuivatuotteet-ja-leivonta-1/sailykkeet/hedelmasailykkeet","__typename":"HierarchyPathItem"},{"id":"Herkku_00000063","name":"Säilykkeet","slug":"kuivatuotteet-ja-leivonta-1/sailykkeet","__typename":"HierarchyPathItem"},{"id":"Herkku_00000007","name":"Kuivatuotteet ja leivonta","slug":"kuivatuotteet-ja-leivonta-1","__typename":"HierarchyPathItem"}],"isGlobalFallback":null,"countryName":{"fi":"Espanja","__typename":"CountryName"}},{"id":"8410134054107","ean":"8410134054107","name":"Fragata vähäsuolainen vihreä oliivi 142/70g","price":1.29,"storeId":725782447,"__typename":"Product","approxPrice":false,"basicQuantityUnit":"KPL","comparisonPrice":18.43,"comparisonUnit":"KGM","consumerPackageSize":null,"consumerPackageUnit":null,"priceUnit":"KPL","quantityMultiplier":1,"brandName":"Fragata","slug":"fragata-vahasuolainen-vihrea-oliivi-14270g","isAgeLimitedByAlcohol":false,"frozen":false,"packagingLabels":[],"packagingLabelCodes":[],"hierarchyPath":[{"id":"Herkku_00000353","name":"Hedelmäsäilykkeet","slug":"kuivatuotteet-ja-leivonta-1/sailykkeet/hedelmasailykkeet","__typename":"HierarchyPathItem"},{"id":"Herkku_00000063","name":"Säilykkeet","slug":"kuivatuotteet-ja-leivonta-1/sailykkeet","__typename":"HierarchyPathItem"},{"id":"Herkku_00000007","name":"Kuivatuotteet ja leivonta","slug":"kuivatuotteet-ja-leivonta-1","__typename":"HierarchyPathItem"}],"isGlobalFallback":null,"countryName":{"fi":"Espanja","__typename":"CountryName"}},{"id":"8410175078179","ean":"8410175078179","name":"Corny smoothie banaani, vadelma, mustikka & kaura 120g","price":1.25,"storeId":725782447,"__typename":"Product","approxPrice":false,"basicQuantityUnit":"KPL","comparisonPrice":10.42,"comparisonUnit":"KGM","consumerPackageSize":null,"consumerPackageUnit":null,"priceUnit":"KPL","quantityMultiplier":1,"brandName":"Corny","slug":"corny-smoothie-banaani-vadelma-mustikka-and-kaura-120g","isAgeLimitedByAlcohol":false,"frozen":false,"packagingLabels":[],"packagingLabelCodes":[],"hierarchyPath":[{"id":"Herkku_00000459","name":"Muut valmiit jälkiruoat","slug":"kuivatuotteet-ja-leivonta-1/jalkiruoat/muut-valmiit-jalkiruoat","__typename":"HierarchyPathItem"},{"id":"Herkku_00000085","name":"Jälkiruoat","slug":"kuivatuotteet-ja-leivonta-1/jalkiruoat","__typename":"HierarchyPathItem"},{"id":"Herkku_00000007","name":"Kuivatuotteet ja leivonta","slug":"kuivatuotteet-ja-leivonta-1","__typename":"HierarchyPathItem"}],"isGlobalFallback":null,"countryName":{"fi":"Espanja","__typename":"CountryName"}},{"id":"8410175078193","ean":"8410175078193","name":"Corny smoothie mango, päärynä & kaura 120g","price":1.25,"storeId":725782447,"__typename":"Product","approxPrice":false,"basicQuantityUnit":"KPL","comparisonPrice":10.42,"comparisonUnit":"KGM","consumerPackageSize":null,"consumerPackageUnit":null,"priceUnit":"KPL","quantityMultiplier":1,"brandName":"Corny","slug":"corny-smoothie-mango-paaryna-and-kaura-120g","isAgeLimitedByAlcohol":false,"frozen":false,"packagingLabels":[],"packagingLabelCodes":[],"hierarchyPath":[{"id":"Herkku_00000459","name":"Muut valmiit jälkiruoat","slug":"kuivatuotteet-ja-leivonta-1/jalkiruoat/muut-valmiit-jalkiruoat","__typename":"HierarchyPathItem"},{"id":"Herkku_00000085","name":"Jälkiruoat","slug":"kuivatuotteet-ja-leivonta-1/jalkiruoat","__typename":"HierarchyPathItem"},{"id":"Herkku_00000007","name":"Kuivatuotteet ja leivonta","slug":"kuivatuotteet-ja-leivonta-1","__typename":"HierarchyPathItem"}],"isGlobalFallback":null,"countryName":{"fi":"Espanja","__typename":"CountryName"}},{"id":"8410179100036","ean":"8410179100036","name":"500ml Borges Ekstra-neitsytoliiviöljy","price":6.89,"storeId":725782447,"__typename":"Product","approxPrice":false,"basicQuantityUnit":"KPL","comparisonPrice":13.78,"comparisonUnit":"LTR","consumerPackageSize":null,"consumerPackageUnit":null,"priceUnit":"KPL","quantityMultiplier":1,"brandName":"Borges","slug":"500ml-borges-ekstra-neitsytoliivioljy","isAgeLimitedByAlcohol":false,"frozen":false,"packagingLabels":[],"packagingLabelCodes":[],"hierarchyPath":[{"id":"Herkku_00000442","name":"Oliiviöljyt","slug":"oljyt-mausteet-maustaminen-1/oljyt/oliivioljyt","__typename":"HierarchyPathItem"},{"id":"Herkku_00000081","name":"Öljyt","slug":"oljyt-mausteet-maustaminen-1/oljyt","__typename":"HierarchyPathItem"},{"id":"Herkku_00000011","name":"Öljyt, mausteet, maustaminen","slug":"oljyt-mausteet-maustaminen-1","__typename":"HierarchyPathItem"}],"isGlobalFallback":null,"countryName":{"fi":"Espanja","__typename":"CountryName"}},{"id":"8410179100050","ean":"8410179100050","name":"250ml Borges Ekstra-neitsytoliiviöljy","price":3.99,"storeId":725782447,"__typename":"Product","approxPrice":false,"basicQuantityUnit":"KPL","comparisonPrice":15.96,"comparisonUnit":"LTR","consumerPackageSize":null,"consumerPackageUnit":null,"priceUnit":"KPL","quantityMultiplier":1,"brandName":"Borges","slug":"250ml-borges-ekstra-neitsytoliivioljy","isAgeLimitedByAlcohol":false,"frozen":false,"packagingLabels":[],"packagingLabelCodes":[],"hierarchyPath":[{"id":"Herkku_00000442","name":"Oliiviöljyt","slug":"oljyt-mausteet-maustaminen-1/oljyt/oliivioljyt","__typename":"HierarchyPathItem"},{"id":"Herkku_00000081","name":"Öljyt","slug":"oljyt-mausteet-maustaminen-1/oljyt","__typename":"HierarchyPathItem"},{"id":"Herkku_00000011","name":"Öljyt, mausteet, maustaminen","slug":"oljyt-mausteet-maustaminen-1","__typename":"HierarchyPathItem"}],"isGlobalFallback":null,"countryName":{"fi":"Espanja","__typename":"CountryName"}},{"id":"8410184010191","ean":"8410184010191","name":"Risella Puuroriisi 1kg","price":2.35,"storeId":725782447,"__typename":"Product","approxPrice":false,"basicQuantityUnit":"KPL","comparisonPrice":2.35,"comparisonUnit":"KGM","consumerPackageSize":null,"consumerPackageUnit":null,"priceUnit":"KPL","quantityMultiplier":1,"brandName":"Risella","slug":"risella-puuroriisi-1kg","isAgeLimitedByAlcohol":false,"frozen":false,"packagingLabels":[],"packagingLabelCodes":[],"hierarchyPath":[{"id":"Herkku_00000480","name":"Puuroriisit","slug":"kuivatuotteet-ja-leivonta-1/riisit-pastat-ja-nuudelit/puuroriisit","__typename":"HierarchyPathItem"},{"id":"Herkku_00000088","name":"Riisit, pastat ja nuudelit","slug":"kuivatuotteet-ja-leivonta-1/riisit-pastat-ja-nuudelit","__typename":"HierarchyPathItem"},{"id":"Herkku_00000007","name":"Kuivatuotteet ja leivonta","slug":"kuivatuotteet-ja-leivonta-1","__typename":"HierarchyPathItem"}],"isGlobalFallback":null,"countryName":{"fi":"Espanja","__typename":"CountryName"}},{"id":"8410184010610","ean":"8410184010610","name":"Risella Risottoriisi 1kg","price":3.45,"storeId":725782447,"__typename":"Product","approxPrice":false,"basicQuantityUnit":"KPL","comparisonPrice":3.45,"comparisonUnit":"KGM","consumerPackageSize":null,"consumerPackageUnit":null,"priceUnit":"KPL","quantityMultiplier":1,"brandName":"Risella","slug":"risella-risottoriisi-1kg","isAgeLimitedByAlcohol":false,"frozen":false,"packagingLabels":["FSC-sertifikaatti (Forest Stewardship Council)"],"packagingLabelCodes":["FOREST_STEWARDSHIP_COUNCIL_LABEL"],"hierarchyPath":[{"id":"Herkku_00000476","name":"Risotto ja sushiriisit","slug":"kuivatuotteet-ja-leivonta-1/riisit-pastat-ja-nuudelit/risotto-ja-sushiriisit","__typename":"HierarchyPathItem"},{"id":"Herkku_00000088","name":"Riisit, pastat ja nuudelit","slug":"kuivatuotteet-ja-leivonta-1/riisit-pastat-ja-nuudelit","__typename":"HierarchyPathItem"},{"id":"Herkku_00000007","name":"Kuivatuotteet ja leivonta","slug":"kuivatuotteet-ja-leivonta-1","__typename":"HierarchyPathItem"}],"isGlobalFallback":null,"countryName":{"fi":"Espanja","__typename":"CountryName"}},{"id":"8410184010641","ean":"8410184010641","name":"Risella Täysjyväriisi 1kg","price":3.25,"storeId":725782447,"__typename":"Product","approxPrice":false,"basicQuantityUnit":"KPL","comparisonPrice":3.25,"comparisonUnit":"KGM","consumerPackageSize":null,"consumerPackageUnit":null,"priceUnit":"KPL","quantityMultiplier":1,"brandName":"Risella","slug":"risella-taysjyvariisi-1kg","isAgeLimitedByAlcohol":false,"frozen":false,"packagingLabels":["FSC-sertifikaatti (Forest Stewardship Council)"],"packagingLabelCodes":["FOREST_STEWARDSHIP_COUNCIL_LABEL"],"hierarchyPath":[{"id":"Herkku_00000481","name":"Tummat&täysjyväriisit","slug":"kuivatuotteet-ja-leivonta-1/riisit-pastat-ja-nuudelit/tummatandtaysjyvariisit","__typename":"HierarchyPathItem"},{"id":"Herkku_00000088","name":"Riisit, pastat ja nuudelit","slug":"kuivatuotteet-ja-leivonta-1/riisit-pastat-ja-nuudelit","__typename":"HierarchyPathItem"},{"id":"Herkku_00000007","name":"Kuivatuotteet ja leivonta","slug":"kuivatuotteet-ja-leivonta-1","__typename":"HierarchyPathItem"}],"isGlobalFallback":null,"countryName":{"fi":"Espanja","__typename":"CountryName"}},{"id":"8410184014076","ean":"8410184014076","name":"Risella Täysjyväpikariisi 800g","price":2.85,"storeId":725782447,"__typename":"Product","approxPrice":false,"basicQuantityUnit":"KPL","comparisonPrice":3.56,"comparisonUnit":"KGM","consumerPackageSize":null,"consumerPackageUnit":null,"priceUnit":"KPL","quantityMultiplier":1,"brandName":"Risella","slug":"risella-taysjyvapikariisi-800g","isAgeLimitedByAlcohol":false,"frozen":false,"packagingLabels":["FSC-sertifikaatti (Forest Stewardship Council)"],"packagingLabelCodes":["FOREST_STEWARDSHIP_COUNCIL_LABEL"],"hierarchyPath":[{"id":"Herkku_00000486","name":"Pikariisit","slug":"kuivatuotteet-ja-leivonta-1/riisit-pastat-ja-nuudelit/pikariisit","__typename":"HierarchyPathItem"},{"id":"Herkku_00000088","name":"Riisit, pastat ja nuudelit","slug":"kuivatuotteet-ja-leivonta-1/riisit-pastat-ja-nuudelit","__typename":"HierarchyPathItem"},{"id":"Herkku_00000007","name":"Kuivatuotteet ja leivonta","slug":"kuivatuotteet-ja-leivonta-1","__typename":"HierarchyPathItem"}],"isGlobalFallback":null,"countryName":{"fi":"Espanja","__typename":"CountryName"}},{"id":"8410184016438","ean":"8410184016438","name":"Risella Pikariisi 10 min 1kg","price":2.7,"storeId":725782447,"__typename":"Product","approxPrice":false,"basicQuantityUnit":"KPL","comparisonPrice":2.7,"comparisonUnit":"KGM","consumerPackageSize":null,"consumerPackageUnit":null,"priceUnit":"KPL","quantityMultiplier":1,"brandName":"Risella","slug":"risella-pikariisi-10-min-1kg","isAgeLimitedByAlcohol":false,"frozen":false,"packagingLabels":["FSC-sertifikaatti (Forest Stewardship Council)"],"packagingLabelCodes":["FOREST_STEWARDSHIP_COUNCIL_LABEL"],"hierarchyPath":[{"id":"Herkku_00000486","name":"Pikariisit","slug":"kuivatuotteet-ja-leivonta-1/riisit-pastat-ja-nuudelit/pikariisit","__typename":"HierarchyPathItem"},{"id":"Herkku_00000088","name":"Riisit, pastat ja nuudelit","slug":"kuivatuotteet-ja-leivonta-1/riisit-pastat-ja-nuudelit","__typename":"HierarchyPathItem"},{"id":"Herkku_00000007","name":"Kuivatuotteet ja leivonta","slug":"kuivatuotteet-ja-leivonta-1","__typename":"HierarchyPathItem"}],"isGlobalFallback":null,"countryName":{"fi":"Espanja","__typename":"CountryName"}},{"id":"8410184019750","ean":"8410184019750","name":"Risella Kaura-riisiseos800g","price":2.5,"storeId":725782447,"__typename":"Product","approxPrice":false,"basicQuantityUnit":"KPL","comparisonPrice":3.13,"comparisonUnit":"KGM","consumerPackageSize":null,"consumerPackageUnit":null,"priceUnit":"KPL","quantityMultiplier":1,"brandName":"Risella","slug":"risella-kaura-riisiseos800g","isAgeLimitedByAlcohol":false,"frozen":false,"packagingLabels":["FSC-sertifikaatti (Forest Stewardship Council)"],"packagingLabelCodes":["FOREST_STEWARDSHIP_COUNCIL_LABEL"],"hierarchyPath":[{"id":"Herkku_00000478","name":"Riisisekoitukset","slug":"kuivatuotteet-ja-leivonta-1/riisit-pastat-ja-nuudelit/riisisekoitukset","__typename":"HierarchyPathItem"},{"id":"Herkku_00000088","name":"Riisit, pastat ja nuudelit","slug":"kuivatuotteet-ja-leivonta-1/riisit-pastat-ja-nuudelit","__typename":"HierarchyPathItem"},{"id":"Herkku_00000007","name":"Kuivatuotteet ja leivonta","slug":"kuivatuotteet-ja-leivonta-1","__typename":"HierarchyPathItem"}],"isGlobalFallback":null,"countryName":{"fi":"Espanja","__typename":"CountryName"}},{"id":"8410184019767","ean":"8410184019767","name":"Risella Riisi-moniviljaseos 800g","price":2.5,"storeId":725782447,"__typename":"Product","approxPrice":false,"basicQuantityUnit":"KPL","comparisonPrice":3.13,"comparisonUnit":"KGM","consumerPackageSize":null,"consumerPackageUnit":null,"priceUnit":"KPL","quantityMultiplier":1,"brandName":"Risella","slug":"risella-riisi-moniviljaseos-800g","isAgeLimitedByAlcohol":false,"frozen":false,"packagingLabels":["FSC-sertifikaatti (Forest Stewardship Council)"],"packagingLabelCodes":["FOREST_STEWARDSHIP_COUNCIL_LABEL"],"hierarchyPath":[{"id":"Herkku_00000478","name":"Riisisekoitukset","slug":"kuivatuotteet-ja-leivonta-1/riisit-pastat-ja-nuudelit/riisisekoitukset","__typename":"HierarchyPathItem"},{"id":"Herkku_00000088","name":"Riisit, pastat ja nuudelit","slug":"kuivatuotteet-ja-leivonta-1/riisit-pastat-ja-nuudelit","__typename":"HierarchyPathItem"},{"id":"Herkku_00000007","name":"Kuivatuotteet ja leivonta","slug":"kuivatuotteet-ja-leivonta-1","__typename":"HierarchyPathItem"}],"isGlobalFallback":null,"countryName":{"fi":"Espanja","__typename":"CountryName"}},{"id":"8410184022316","ean":"8410184022316","name":"Risella Tumma puuroriisi 1kg","price":2.89,"storeId":725782447,"__typename":"Product","approxPrice":false,"basicQuantityUnit":"KPL","comparisonPrice":2.89,"comparisonUnit":"KGM","consumerPackageSize":null,"consumerPackageUnit":null,"priceUnit":"KPL","quantityMultiplier":1,"brandName":"Risella","slug":"risella-tumma-puuroriisi-1kg","isAgeLimitedByAlcohol":false,"frozen":false,"packagingLabels":[],"packagingLabelCodes":[],"hierarchyPath":[{"id":"Herkku_00000480","name":"Puuroriisit","slug":"kuivatuotteet-ja-leivonta-1/riisit-pastat-ja-nuudelit/puuroriisit","__typename":"HierarchyPathItem"},{"id":"Herkku_00000088","name":"Riisit, pastat ja nuudelit","slug":"kuivatuotteet-ja-leivonta-1/riisit-pastat-ja-nuudelit","__typename":"HierarchyPathItem"},{"id":"Herkku_00000007","name":"Kuivatuotteet ja leivonta","slug":"kuivatuotteet-ja-leivonta-1","__typename":"HierarchyPathItem"}],"isGlobalFallback":null,"countryName":{"fi":"Espanja","__typename":"CountryName"}},{"id":"8410184027793","ean":"8410184027793","name":"Risella Basmatiriisi 1kg","price":3.99,"storeId":725782447,"__typename":"Product","approxPrice":false,"basicQuantityUnit":"KPL","comparisonPrice":3.99,"comparisonUnit":"KGM","consumerPackageSize":null,"consumerPackageUnit":null,"priceUnit":"KPL","quantityMultiplier":1,"brandName":"Risella","slug":"risella-basmatiriisi-1kg","isAgeLimitedByAlcohol":false,"frozen":false,"packagingLabels":["FSC-sertifikaatti (Forest Stewardship Council)"],"packagingLabelCodes":["FOREST_STEWARDSHIP_COUNCIL_LABEL"],"hierarchyPath":[{"id":"Herkku_00000485","name":"Basmatiriisit","slug":"kuivatuotteet-ja-leivonta-1/riisit-pastat-ja-nuudelit/basmatiriisit","__typename":"HierarchyPathItem"},{"id":"Herkku_00000088","name":"Riisit, pastat ja nuudelit","slug":"kuivatuotteet-ja-leivonta-1/riisit-pastat-ja-nuudelit","__typename":"HierarchyPathItem"},{"id":"Herkku_00000007","name":"Kuivatuotteet ja leivonta","slug":"kuivatuotteet-ja-leivonta-1","__typename":"HierarchyPathItem"}],"isGlobalFallback":null,"countryName":{"fi":"Pakistan","__typename":"CountryName"}},{"id":"8410184027809","ean":"8410184027809","name":"Risella Jasmiiniriisi 1kg","price":4.05,"storeId":725782447,"__typename":"Product","approxPrice":false,"basicQuantityUnit":"KPL","comparisonPrice":4.05,"comparisonUnit":"KGM","consumerPackageSize":null,"consumerPackageUnit":null,"priceUnit":"KPL","quantityMultiplier":1,"brandName":"Risella","slug":"risella-jasmiiniriisi-1kg","isAgeLimitedByAlcohol":false,"frozen":false,"packagingLabels":["FSC-sertifikaatti (Forest Stewardship Council)"],"packagingLabelCodes":["FOREST_STEWARDSHIP_COUNCIL_LABEL"],"hierarchyPath":[{"id":"Herkku_00000479","name":"Jasmiiniriisit","slug":"kuivatuotteet-ja-leivonta-1/riisit-pastat-ja-nuudelit/jasmiiniriisit","__typename":"HierarchyPathItem"},{"id":"Herkku_00000088","name":"Riisit, pastat ja nuudelit","slug":"kuivatuotteet-ja-leivonta-1/riisit-pastat-ja-nuudelit","__typename":"HierarchyPathItem"},{"id":"Herkku_00000007","name":"Kuivatuotteet ja leivonta","slug":"kuivatuotteet-ja-leivonta-1","__typename":"HierarchyPathItem"}],"isGlobalFallback":null,"countryName":null},{"id":"8410184027816","ean":"8410184027816","name":"Risella Riisi-ohraseos 800g","price":2.45,"storeId":725782447,"__typename":"Product","approxPrice":false,"basicQuantityUnit":"KPL","comparisonPrice":3.06,"comparisonUnit":"KGM","consumerPackageSize":null,"consumerPackageUnit":null,"priceUnit":"KPL","quantityMultiplier":1,"brandName":"Risella","slug":"risella-riisi-ohraseos-800g","isAgeLimitedByAlcohol":false,"frozen":false,"packagingLabels":["FSC-sertifikaatti (Forest Stewardship Council)"],"packagingLabelCodes":["FOREST_STEWARDSHIP_COUNCIL_LABEL"],"hierarchyPath":[{"id":"Herkku_00000478","name":"Riisisekoitukset","slug":"kuivatuotteet-ja-leivonta-1/riisit-pastat-ja-nuudelit/riisisekoitukset","__typename":"HierarchyPathItem"},{"id":"Herkku_00000088","name":"Riisit, pastat ja nuudelit","slug":"kuivatuotteet-ja-leivonta-1/riisit-pastat-ja-nuudelit","__typename":"HierarchyPathItem"},{"id":"Herkku_00000007","name":"Kuivatuotteet ja leivonta","slug":"kuivatuotteet-ja-leivonta-1","__typename":"HierarchyPathItem"}],"isGlobalFallback":null,"countryName":{"fi":"Espanja","__typename":"CountryName"}},{"id":"8410184027823","ean":"8410184027823","name":"Risella Täysjyväriisi-ruisseos 800g","price":2.65,"storeId":725782447,"__typename":"Product","approxPrice":false,"basicQuantityUnit":"KPL","comparisonPrice":3.31,"comparisonUnit":"KGM","consumerPackageSize":null,"consumerPackageUnit":null,"priceUnit":"KPL","quantityMultiplier":1,"brandName":"Risella","slug":"risella-taysjyvariisi-ruisseos-800g","isAgeLimitedByAlcohol":false,"frozen":false,"packagingLabels":["FSC-sertifikaatti (Forest Stewardship Council)"],"packagingLabelCodes":["FOREST_STEWARDSHIP_COUNCIL_LABEL"],"hierarchyPath":[{"id":"Herkku_00000478","name":"Riisisekoitukset","slug":"kuivatuotteet-ja-leivonta-1/riisit-pastat-ja-nuudelit/riisisekoitukset","__typename":"HierarchyPathItem"},{"id":"Herkku_00000088","name":"Riisit, pastat ja nuudelit","slug":"kuivatuotteet-ja-leivonta-1/riisit-pastat-ja-nuudelit","__typename":"HierarchyPathItem"},{"id":"Herkku_00000007","name":"Kuivatuotteet ja leivonta","slug":"kuivatuotteet-ja-leivonta-1","__typename":"HierarchyPathItem"}],"isGlobalFallback":null,"countryName":{"fi":"Espanja","__typename":"CountryName"}},{"id":"8410184027830","ean":"8410184027830","name":"Risella Täysjyväriisi-kvinoa seos 800g","price":3.25,"storeId":725782447,"__typename":"Product","approxPrice":false,"basicQuantityUnit":"KPL","comparisonPrice":4.06,"comparisonUnit":"KGM","consumerPackageSize":null,"consumerPackageUnit":null,"priceUnit":"KPL","quantityMultiplier":1,"brandName":"Risella","slug":"risella-taysjyvariisi-kvinoa-seos-800g","isAgeLimitedByAlcohol":false,"frozen":false,"packagingLabels":["FSC-sertifikaatti (Forest Stewardship Council)"],"packagingLabelCodes":["FOREST_STEWARDSHIP_COUNCIL_LABEL"],"hierarchyPath":[{"id":"Herkku_00000478","name":"Riisisekoitukset","slug":"kuivatuotteet-ja-leivonta-1/riisit-pastat-ja-nuudelit/riisisekoitukset","__typename":"HierarchyPathItem"},{"id":"Herkku_00000088","name":"Riisit, pastat ja nuudelit","slug":"kuivatuotteet-ja-leivonta-1/riisit-pastat-ja-nuudelit","__typename":"HierarchyPathItem"},{"id":"Herkku_00000007","name":"Kuivatuotteet ja leivonta","slug":"kuivatuotteet-ja-leivonta-1","__typename":"HierarchyPathItem"}],"isGlobalFallback":null,"countryName":{"fi":"Espanja","__typename":"CountryName"}},{"id":"8410184036351","ean":"8410184036351","name":"Risella 500g Kvinoa","price":3.35,"storeId":725782447,"__typename":"Product","approxPrice":false,"basicQuantityUnit":"KPL","comparisonPrice":6.7,"comparisonUnit":"KGM","consumerPackageSize":null,"consumerPackageUnit":null,"priceUnit":"KPL","quantityMultiplier":1,"brandName":"Risella","slug":"risella-500g-kvinoa","isAgeLimitedByAlcohol":false,"frozen":false,"packagingLabels":["FSC-sertifikaatti (Forest Stewardship Council)"],"packagingLabelCodes":["FOREST_STEWARDSHIP_COUNCIL_LABEL"],"hierarchyPath":[{"id":"Herkku_00000482","name":"Kvinoa","slug":"kuivatuotteet-ja-leivonta-1/riisit-pastat-ja-nuudelit/kvinoa","__typename":"HierarchyPathItem"},{"id":"Herkku_00000088","name":"Riisit, pastat ja nuudelit","slug":"kuivatuotteet-ja-leivonta-1/riisit-pastat-ja-nuudelit","__typename":"HierarchyPathItem"},{"id":"Herkku_00000007","name":"Kuivatuotteet ja leivonta","slug":"kuivatuotteet-ja-leivonta-1","__typename":"HierarchyPathItem"}],"isGlobalFallback":null,"countryName":{"fi":"Espanja","__typename":"CountryName"}},{"id":"8410184038737","ean":"8410184038737","name":"Risella valmis punainen & valkoinen kvinoaseos 200g","price":1.65,"storeId":725782447,"__typename":"Product","approxPrice":false,"basicQuantityUnit":"KPL","comparisonPrice":8.25,"comparisonUnit":"KGM","consumerPackageSize":null,"consumerPackageUnit":null,"priceUnit":"KPL","quantityMultiplier":1,"brandName":"Risella","slug":"risella-valmis-punainen-and-valkoinen-kvinoaseos-200g","isAgeLimitedByAlcohol":false,"frozen":false,"packagingLabels":[],"packagingLabelCodes":[],"hierarchyPath":[{"id":"Herkku_00000475","name":"Muut riisit","slug":"kuivatuotteet-ja-leivonta-1/riisit-pastat-ja-nuudelit/muut-riisit","__typename":"HierarchyPathItem"},{"id":"Herkku_00000088","name":"Riisit, pastat ja nuudelit","slug":"kuivatuotteet-ja-leivonta-1/riisit-pastat-ja-nuudelit","__typename":"HierarchyPathItem"},{"id":"Herkku_00000007","name":"Kuivatuotteet ja leivonta","slug":"kuivatuotteet-ja-leivonta-1","__typename":"HierarchyPathItem"}],"isGlobalFallback":null,"countryName":{"fi":"Espanja","__typename":"CountryName"}},{"id":"8410184038751","ean":"8410184038751","name":"Risella valmisriisi jasmiini 200g","price":2.5,"storeId":725782447,"__typename":"Product","approxPrice":false,"basicQuantityUnit":"KPL","comparisonPrice":12.5,"comparisonUnit":"KGM","consumerPackageSize":null,"consumerPackageUnit":null,"priceUnit":"KPL","quantityMultiplier":1,"brandName":"Risella","slug":"risella-valmisriisi-jasmiini-200g","isAgeLimitedByAlcohol":false,"frozen":false,"packagingLabels":[],"packagingLabelCodes":[],"hierarchyPath":[{"id":"Herkku_00000475","name":"Muut riisit","slug":"kuivatuotteet-ja-leivonta-1/riisit-pastat-ja-nuudelit/muut-riisit","__typename":"HierarchyPathItem"},{"id":"Herkku_00000088","name":"Riisit, pastat ja nuudelit","slug":"kuivatuotteet-ja-leivonta-1/riisit-pastat-ja-nuudelit","__typename":"HierarchyPathItem"},{"id":"Herkku_00000007","name":"Kuivatuotteet ja leivonta","slug":"kuivatuotteet-ja-leivonta-1","__typename":"HierarchyPathItem"}],"isGlobalFallback":null,"countryName":{"fi":"Espanja","__typename":"CountryName"}},{"id":"8411114063362","ean":"8411114063362","name":"Paw Patrol Chase suihkusaippua&shampoo 2D 400ml","price":5.9,"storeId":725782447,"__typename":"Product","approxPrice":false,"basicQuantityUnit":"KPL","comparisonPrice":14.75,"comparisonUnit":"LTR","consumerPackageSize":null,"consumerPackageUnit":null,"priceUnit":"KPL","quantityMultiplier":1,"brandName":"Paw Patrol","slug":"paw-patrol-chase-suihkusaippuaandshampoo-2d-400ml","isAgeLimitedByAlcohol":false,"frozen":false,"packagingLabels":[],"packagingLabelCodes":[],"hierarchyPath":[{"id":"1591691233832765","name":"Lahjapakkaukset","slug":"kosmetiikka-ja-hygienia/muut-kosmetiikka-ja-hygieniatuotteet/lahjapakkaukset","__typename":"HierarchyPathItem"},{"id":"1591691233832153","name":"Muut kosmetiikka ja hygieniatuotteet","slug":"kosmetiikka-ja-hygienia/muut-kosmetiikka-ja-hygieniatuotteet","__typename":"HierarchyPathItem"},{"id":"1591691233334707","name":"Kosmetiikka ja hygienia","slug":"kosmetiikka-ja-hygienia","__typename":"HierarchyPathItem"}],"isGlobalFallback":null,"countryName":{"fi":"Espanja","__typename":"CountryName"}},{"id":"8411114078953","ean":"8411114078953","name":"Paw Patrol Marshall suihkusaippua&shampoo 2D 400ml","price":5.9,"storeId":725782447,"__typename":"Product","approxPrice":false,"basicQuantityUnit":"KPL","comparisonPrice":14.75,"comparisonUnit":"LTR","consumerPackageSize":null,"consumerPackageUnit":null,"priceUnit":"KPL","quantityMultiplier":1,"brandName":"Paw Patrol","slug":"paw-patrol-marshall-suihkusaippuaandshampoo-2d-400ml","isAgeLimitedByAlcohol":false,"frozen":false,"packagingLabels":[],"packagingLabelCodes":[],"hierarchyPath":[{"id":"1591691233832765","name":"Lahjapakkaukset","slug":"kosmetiikka-ja-hygienia/muut-kosmetiikka-ja-hygieniatuotteet/lahjapakkaukset","__typename":"HierarchyPathItem"},{"id":"1591691233832153","name":"Muut kosmetiikka ja hygieniatuotteet","slug":"kosmetiikka-ja-hygienia/muut-kosmetiikka-ja-hygieniatuotteet","__typename":"HierarchyPathItem"},{"id":"1591691233334707","name":"Kosmetiikka ja hygienia","slug":"kosmetiikka-ja-hygienia","__typename":"HierarchyPathItem"}],"isGlobalFallback":null,"countryName":{"fi":"Espanja","__typename":"CountryName"}},{"id":"8411114079035","ean":"8411114079035","name":"Paw Patrol Skye suihkusaippua&shampoo 2D 400ml","price":5.9,"storeId":725782447,"__typename":"Product","approxPrice":false,"basicQuantityUnit":"KPL","comparisonPrice":14.75,"comparisonUnit":"LTR","consumerPackageSize":null,"consumerPackageUnit":null,"priceUnit":"KPL","quantityMultiplier":1,"brandName":"Paw Patrol","slug":"paw-patrol-skye-suihkusaippuaandshampoo-2d-400ml","isAgeLimitedByAlcohol":false,"frozen":false,"packagingLabels":[],"packagingLabelCodes":[],"hierarchyPath":[{"id":"1591691233832765","name":"Lahjapakkaukset","slug":"kosmetiikka-ja-hygienia/muut-kosmetiikka-ja-hygieniatuotteet/lahjapakkaukset","__typename":"HierarchyPathItem"},{"id":"1591691233832153","name":"Muut kosmetiikka ja hygieniatuotteet","slug":"kosmetiikka-ja-hygienia/muut-kosmetiikka-ja-hygieniatuotteet","__typename":"HierarchyPathItem"},{"id":"1591691233334707","name":"Kosmetiikka ja hygienia","slug":"kosmetiikka-ja-hygienia","__typename":"HierarchyPathItem"}],"isGlobalFallback":null,"countryName":{"fi":"Espanja","__typename":"CountryName"}},{"id":"8411114084725","ean":"8411114084725","name":"Eau My Unicorn suihkusaippua&shampoo 2D 400ml","price":5.99,"storeId":725782447,"__typename":"Product","approxPrice":false,"basicQuantityUnit":"KPL","comparisonPrice":14.98,"comparisonUnit":"LTR","consumerPackageSize":null,"consumerPackageUnit":null,"priceUnit":"KPL","quantityMultiplier":1,"brandName":"Eau My Unicorn","slug":"eau-my-unicorn-suihkusaippuaandshampoo-2d-400ml","isAgeLimitedByAlcohol":false,"frozen":false,"packagingLabels":[],"packagingLabelCodes":[],"hierarchyPath":[{"id":"1591691233832765","name":"Lahjapakkaukset","slug":"kosmetiikka-ja-hygienia/muut-kosmetiikka-ja-hygieniatuotteet/lahjapakkaukset","__typename":"HierarchyPathItem"},{"id":"1591691233832153","name":"Muut kosmetiikka ja hygieniatuotteet","slug":"kosmetiikka-ja-hygienia/muut-kosmetiikka-ja-hygieniatuotteet","__typename":"HierarchyPathItem"},{"id":"1591691233334707","name":"Kosmetiikka ja hygienia","slug":"kosmetiikka-ja-hygienia","__typename":"HierarchyPathItem"}],"isGlobalFallback":null,"countryName":{"fi":"Espanja","__typename":"CountryName"}},{"id":"8411114085845","ean":"8411114085845","name":"Frozen II Elsa suihkusaippua&shampoo 2D 400ml","price":5.99,"storeId":725782447,"__typename":"Product","approxPrice":false,"basicQuantityUnit":"KPL","comparisonPrice":14.98,"comparisonUnit":"LTR","consumerPackageSize":null,"consumerPackageUnit":null,"priceUnit":"KPL","quantityMultiplier":1,"brandName":"Frozen","slug":"frozen-ii-elsa-suihkusaippuaandshampoo-2d-400ml","isAgeLimitedByAlcohol":false,"frozen":false,"packagingLabels":[],"packagingLabelCodes":[],"hierarchyPath":[{"id":"1591691233832765","name":"Lahjapakkaukset","slug":"kosmetiikka-ja-hygienia/muut-kosmetiikka-ja-hygieniatuotteet/lahjapakkaukset","__typename":"HierarchyPathItem"},{"id":"1591691233832153","name":"Muut kosmetiikka ja hygieniatuotteet","slug":"kosmetiikka-ja-hygienia/muut-kosmetiikka-ja-hygieniatuotteet","__typename":"HierarchyPathItem"},{"id":"1591691233334707","name":"Kosmetiikka ja hygienia","slug":"kosmetiikka-ja-hygienia","__typename":"HierarchyPathItem"}],"isGlobalFallback":null,"countryName":{"fi":"Espanja","__typename":"CountryName"}},{"id":"8411114090467","ean":"8411114090467","name":"Frozen Anna suihkusaippua&shampoo 2D 400ml","price":5.99,"storeId":725782447,"__typename":"Product","approxPrice":false,"basicQuantityUnit":"KPL","comparisonPrice":14.98,"comparisonUnit":"LTR","consumerPackageSize":null,"consumerPackageUnit":null,"priceUnit":"KPL","quantityMultiplier":1,"brandName":"AIR VAL","slug":"frozen-anna-suihkusaippuaandshampoo-2d-400ml","isAgeLimitedByAlcohol":false,"frozen":false,"packagingLabels":[],"packagingLabelCodes":[],"hierarchyPath":[{"id":"1591691233832765","name":"Lahjapakkaukset","slug":"kosmetiikka-ja-hygienia/muut-kosmetiikka-ja-hygieniatuotteet/lahjapakkaukset","__typename":"HierarchyPathItem"},{"id":"1591691233832153","name":"Muut kosmetiikka ja hygieniatuotteet","slug":"kosmetiikka-ja-hygienia/muut-kosmetiikka-ja-hygieniatuotteet","__typename":"HierarchyPathItem"},{"id":"1591691233334707","name":"Kosmetiikka ja hygienia","slug":"kosmetiikka-ja-hygienia","__typename":"HierarchyPathItem"}],"isGlobalFallback":null,"countryName":{"fi":"Espanja","__typename":"CountryName"}},{"id":"8411114097008","ean":"8411114097008","name":"Spider-Man käsisaippua 500ml","price":4.85,"storeId":725782447,"__typename":"Product","approxPrice":false,"basicQuantityUnit":"KPL","comparisonPrice":9.7,"comparisonUnit":"LTR","consumerPackageSize":null,"consumerPackageUnit":null,"priceUnit":"KPL","quantityMultiplier":1,"brandName":"AIR VAL","slug":"spider-man-kasisaippua-500ml","isAgeLimitedByAlcohol":false,"frozen":false,"packagingLabels":[],"packagingLabelCodes":[],"hierarchyPath":[{"id":"1591691233832765","name":"Lahjapakkaukset","slug":"kosmetiikka-ja-hygienia/muut-kosmetiikka-ja-hygieniatuotteet/lahjapakkaukset","__typename":"HierarchyPathItem"},{"id":"1591691233832153","name":"Muut kosmetiikka ja hygieniatuotteet","slug":"kosmetiikka-ja-hygienia/muut-kosmetiikka-ja-hygieniatuotteet","__typename":"HierarchyPathItem"},{"id":"1591691233334707","name":"Kosmetiikka ja hygienia","slug":"kosmetiikka-ja-hygienia","__typename":"HierarchyPathItem"}],"isGlobalFallback":null,"countryName":{"fi":"Kiina","__typename":"CountryName"}},{"id":"8411114097022","ean":"8411114097022","name":"Frozen käsisaippua 500ml","price":4.85,"storeId":725782447,"__typename":"Product","approxPrice":false,"basicQuantityUnit":"KPL","comparisonPrice":9.7,"comparisonUnit":"LTR","consumerPackageSize":null,"consumerPackageUnit":null,"priceUnit":"KPL","quantityMultiplier":1,"brandName":"AIR VAL","slug":"frozen-kasisaippua-500ml","isAgeLimitedByAlcohol":false,"frozen":false,"packagingLabels":[],"packagingLabelCodes":[],"hierarchyPath":[{"id":"1591691233832765","name":"Lahjapakkaukset","slug":"kosmetiikka-ja-hygienia/muut-kosmetiikka-ja-hygieniatuotteet/lahjapakkaukset","__typename":"HierarchyPathItem"},{"id":"1591691233832153","name":"Muut kosmetiikka ja hygieniatuotteet","slug":"kosmetiikka-ja-hygienia/muut-kosmetiikka-ja-hygieniatuotteet","__typename":"HierarchyPathItem"},{"id":"1591691233334707","name":"Kosmetiikka ja hygienia","slug":"kosmetiikka-ja-hygienia","__typename":"HierarchyPathItem"}],"isGlobalFallback":null,"countryName":{"fi":"Espanja","__typename":"CountryName"}},{"id":"8411660000224","ean":"8411660000224","name":"Sanytol 72kpl Monikäyttöinen desinfiointipyyhe","price":4.39,"storeId":725782447,"__typename":"Product","approxPrice":false,"basicQuantityUnit":"KPL","comparisonPrice":0.06,"comparisonUnit":"PCE","consumerPackageSize":null,"consumerPackageUnit":null,"priceUnit":"KPL","quantityMultiplier":1,"brandName":"Sanytol","slug":"sanytol-72kpl-monikayttoinen-desinfiointipyyhe","isAgeLimitedByAlcohol":false,"frozen":false,"packagingLabels":[],"packagingLabelCodes":[],"hierarchyPath":[{"id":"1591691234596338","name":"Yleispuhdistusaineet","slug":"kodinhoito-ja-taloustarvikkeet/siivous-ja-puhdistusaineet/yleispuhdistusaineet","__typename":"HierarchyPathItem"},{"id":"1591691234596327","name":"Siivous ja puhdistusaineet","slug":"kodinhoito-ja-taloustarvikkeet/siivous-ja-puhdistusaineet","__typename":"HierarchyPathItem"},{"id":"1591691234596256","name":"Kodinhoito ja taloustarvikkeet","slug":"kodinhoito-ja-taloustarvikkeet","__typename":"HierarchyPathItem"}],"isGlobalFallback":null,"countryName":{"fi":"Espanja","__typename":"CountryName"}},{"id":"8412428025367","ean":"8412428025367","name":"Avengers 2in1 kylpyvaahto/shampoo 350ml","price":5.99,"storeId":725782447,"__typename":"Product","approxPrice":false,"basicQuantityUnit":"KPL","comparisonPrice":17.11,"comparisonUnit":"LTR","consumerPackageSize":null,"consumerPackageUnit":null,"priceUnit":"KPL","quantityMultiplier":1,"brandName":"Avengers","slug":"avengers-2in1-kylpyvaahtoshampoo-350ml","isAgeLimitedByAlcohol":false,"frozen":false,"packagingLabels":[],"packagingLabelCodes":[],"hierarchyPath":[{"id":"1591691233832765","name":"Lahjapakkaukset","slug":"kosmetiikka-ja-hygienia/muut-kosmetiikka-ja-hygieniatuotteet/lahjapakkaukset","__typename":"HierarchyPathItem"},{"id":"1591691233832153","name":"Muut kosmetiikka ja hygieniatuotteet","slug":"kosmetiikka-ja-hygienia/muut-kosmetiikka-ja-hygieniatuotteet","__typename":"HierarchyPathItem"},{"id":"1591691233334707","name":"Kosmetiikka ja hygienia","slug":"kosmetiikka-ja-hygienia","__typename":"HierarchyPathItem"}],"isGlobalFallback":null,"countryName":{"fi":"Kiina","__typename":"CountryName"}},{"id":"8425644004122","ean":"8425644004122","name":"Bimi Varsiparsakaali 200g","price":2.49,"storeId":725782447,"__typename":"Product","approxPrice":false,"basicQuantityUnit":"KPL","comparisonPrice":12.45,"comparisonUnit":"KGM","consumerPackageSize":null,"consumerPackageUnit":null,"priceUnit":"KPL","quantityMultiplier":1,"brandName":"Bimi","slug":"bimi-varsiparsakaali-200g","isAgeLimitedByAlcohol":false,"frozen":false,"packagingLabels":[],"packagingLabelCodes":[],"hierarchyPath":[{"id":"StructureGroup_507756644246827","name":"Kaalit","slug":"hedelmat-ja-vihannekset-1/vihannekset/kaalit","__typename":"HierarchyPathItem"},{"id":"Herkku_00000023","name":"Vihannekset","slug":"hedelmat-ja-vihannekset-1/vihannekset","__typename":"HierarchyPathItem"},{"id":"Herkku_00000001","name":"Hedelmät ja vihannekset","slug":"hedelmat-ja-vihannekset-1","__typename":"HierarchyPathItem"}],"isGlobalFallback":null,"countryName":{"fi":"Espanja","__typename":"CountryName"}},{"id":"8436048962697","ean":"8436048962697","name":"Filipinos 128g Valkosuklaakeksi","price":1.79,"storeId":725782447,"__typename":"Product","approxPrice":false,"basicQuantityUnit":"KPL","comparisonPrice":13.98,"comparisonUnit":"KGM","consumerPackageSize":null,"consumerPackageUnit":null,"priceUnit":"KPL","quantityMultiplier":1,"brandName":"Filipinos","slug":"filipinos-128g-valkosuklaakeksi","isAgeLimitedByAlcohol":false,"frozen":false,"packagingLabels":[],"packagingLabelCodes":[],"hierarchyPath":[{"id":"1591691259195604","name":"Makeat keksit","slug":"joulu-0/joulun-herkutteluun/makeat-keksit","__typename":"HierarchyPathItem"},{"id":"1591691259195581","name":"Joulun herkutteluun","slug":"joulu-0/joulun-herkutteluun","__typename":"HierarchyPathItem"},{"id":"1591691259195579","name":"Joulu","slug":"joulu-0","__typename":"HierarchyPathItem"}],"isGlobalFallback":null,"countryName":{"fi":"Espanja","__typename":"CountryName"}},{"id":"8436591926917","ean":"8436591926917","name":"Martinelia Unicorn lahjapakkaus","price":3.99,"storeId":725782447,"__typename":"Product","approxPrice":false,"basicQuantityUnit":"KPL","comparisonPrice":2,"comparisonUnit":"PCE","consumerPackageSize":null,"consumerPackageUnit":null,"priceUnit":"KPL","quantityMultiplier":1,"brandName":"MARTINELIA","slug":"martinelia-unicorn-lahjapakkaus","isAgeLimitedByAlcohol":false,"frozen":false,"packagingLabels":[],"packagingLabelCodes":[],"hierarchyPath":[{"id":"1591691233832765","name":"Lahjapakkaukset","slug":"kosmetiikka-ja-hygienia/muut-kosmetiikka-ja-hygieniatuotteet/lahjapakkaukset","__typename":"HierarchyPathItem"},{"id":"1591691233832153","name":"Muut kosmetiikka ja hygieniatuotteet","slug":"kosmetiikka-ja-hygienia/muut-kosmetiikka-ja-hygieniatuotteet","__typename":"HierarchyPathItem"},{"id":"1591691233334707","name":"Kosmetiikka ja hygienia","slug":"kosmetiikka-ja-hygienia","__typename":"HierarchyPathItem"}],"isGlobalFallback":null,"countryName":{"fi":"Kiina","__typename":"CountryName"}},{"id":"8445290063403","ean":"8445290063403","name":"Nescafé Kulta Sticks 10 kpl/2g annospussi","price":2.99,"storeId":725782447,"__typename":"Product","approxPrice":false,"basicQuantityUnit":"KPL","comparisonPrice":149.5,"comparisonUnit":"KGM","consumerPackageSize":null,"consumerPackageUnit":null,"priceUnit":"KPL","quantityMultiplier":1,"brandName":"Nescafé","slug":"nescafe-kulta-sticks-10-kpl2g-annospussi","isAgeLimitedByAlcohol":false,"frozen":false,"packagingLabels":[],"packagingLabelCodes":[],"hierarchyPath":[{"id":"1591691250893282","name":"Pikakahvit","slug":"juomat-1/kahvit-ja-suodatinpaperit/pikakahvit","__typename":"HierarchyPathItem"},{"id":"Herkku_00000089","name":"Kahvit ja suodatinpaperit","slug":"juomat-1/kahvit-ja-suodatinpaperit","__typename":"HierarchyPathItem"},{"id":"Herkku_00000005","name":"Juomat","slug":"juomat-1","__typename":"HierarchyPathItem"}],"isGlobalFallback":null,"countryName":{"fi":"Sveitsi","__typename":"CountryName"}},{"id":"8590079100432","ean":"8590079100432","name":"Efko Herkkukurkut kokonainen 670/360g","price":2.25,"storeId":725782447,"__typename":"Product","approxPrice":false,"basicQuantityUnit":"KPL","comparisonPrice":6.25,"comparisonUnit":"KGM","consumerPackageSize":null,"consumerPackageUnit":null,"priceUnit":"KPL","quantityMultiplier":1,"brandName":"Efko","slug":"efko-herkkukurkut-kokonainen-670360g","isAgeLimitedByAlcohol":false,"frozen":false,"packagingLabels":[],"packagingLabelCodes":[],"hierarchyPath":[{"id":"Herkku_00000357","name":"Kasvissäilykkeet","slug":"kuivatuotteet-ja-leivonta-1/sailykkeet/kasvissailykkeet","__typename":"HierarchyPathItem"},{"id":"Herkku_00000063","name":"Säilykkeet","slug":"kuivatuotteet-ja-leivonta-1/sailykkeet","__typename":"HierarchyPathItem"},{"id":"Herkku_00000007","name":"Kuivatuotteet ja leivonta","slug":"kuivatuotteet-ja-leivonta-1","__typename":"HierarchyPathItem"}],"isGlobalFallback":null,"countryName":{"fi":"Tšekki","__typename":"CountryName"}},{"id":"8594403707250","ean":"8594403707250","name":"Budejovicky Budvar Original Czech lager 5% 0,5l oluttölkki","price":3.4899999999999998,"storeId":725782447,"__typename":"Product","approxPrice":false,"basicQuantityUnit":"KPL","comparisonPrice":6.68,"comparisonUnit":"LTR","consumerPackageSize":null,"consumerPackageUnit":null,"priceUnit":"KPL","quantityMultiplier":1,"brandName":"Budejovicky Budvar","slug":"budejovicky-budvar-original-czech-lager-5-0-5l-oluttolkki","isAgeLimitedByAlcohol":true,"frozen":false,"packagingLabels":[],"packagingLabelCodes":[],"hierarchyPath":[{"id":"Herkku_00000818","name":"Vaalea lager olut","slug":"juomat-1/oluet/vaalea-lager-olut","__typename":"HierarchyPathItem"},{"id":"Herkku_00000135","name":"Oluet","slug":"juomat-1/oluet","__typename":"HierarchyPathItem"},{"id":"Herkku_00000005","name":"Juomat","slug":"juomat-1","__typename":"HierarchyPathItem"}],"isGlobalFallback":null,"countryName":{"fi":"Tšekki","__typename":"CountryName"}},{"id":"8594404001982","ean":"8594404001982","name":"Pilsner Urquell 4,4% 50cl tlk","price":3.39,"storeId":725782447,"__typename":"Product","approxPrice":false,"basicQuantityUnit":"KPL","comparisonPrice":6.48,"comparisonUnit":"LTR","consumerPackageSize":null,"consumerPackageUnit":null,"priceUnit":"KPL","quantityMultiplier":1,"brandName":"Pilsner Urquell","slug":"pilsner-urquell-4-4-50cl-tlk","isAgeLimitedByAlcohol":true,"frozen":false,"packagingLabels":[],"packagingLabelCodes":[],"hierarchyPath":[{"id":"Herkku_00000822","name":"Pils-olut","slug":"juomat-1/oluet/pils-olut","__typename":"HierarchyPathItem"},{"id":"Herkku_00000135","name":"Oluet","slug":"juomat-1/oluet","__typename":"HierarchyPathItem"},{"id":"Herkku_00000005","name":"Juomat","slug":"juomat-1","__typename":"HierarchyPathItem"}],"isGlobalFallback":null,"countryName":{"fi":"Tšekki","__typename":"CountryName"}},{"id":"8594404005980","ean":"8594404005980","name":"Velkopopovicky Kozel Premium 4,6% 0,5 l tlk olut","price":3.1799999999999997,"storeId":725782447,"__typename":"Product","approxPrice":false,"basicQuantityUnit":"KPL","comparisonPrice":6.06,"comparisonUnit":"LTR","consumerPackageSize":null,"consumerPackageUnit":null,"priceUnit":"KPL","quantityMultiplier":1,"brandName":"Velkopopovický Kozel","slug":"velkopopovicky-kozel-premium-4-6-0-5-l-tlk-olut","isAgeLimitedByAlcohol":true,"frozen":false,"packagingLabels":[],"packagingLabelCodes":[],"hierarchyPath":[{"id":"Herkku_00000818","name":"Vaalea lager olut","slug":"juomat-1/oluet/vaalea-lager-olut","__typename":"HierarchyPathItem"},{"id":"Herkku_00000135","name":"Oluet","slug":"juomat-1/oluet","__typename":"HierarchyPathItem"},{"id":"Herkku_00000005","name":"Juomat","slug":"juomat-1","__typename":"HierarchyPathItem"}],"isGlobalFallback":null,"countryName":{"fi":"Tšekki","__typename":"CountryName"}},{"id":"8700000000414","ean":"8700000000414","name":"Viikkokimppu, 8 oksaa, värilajitelma 50 cm","price":4.79,"storeId":725782447,"__typename":"Product","approxPrice":false,"basicQuantityUnit":"KPL","comparisonPrice":4.79,"comparisonUnit":"PCE","consumerPackageSize":null,"consumerPackageUnit":null,"priceUnit":"KPL","quantityMultiplier":1,"brandName":null,"slug":"viikkokimppu-8-oksaa-varilajitelma-50-cm","isAgeLimitedByAlcohol":false,"frozen":false,"packagingLabels":[],"packagingLabelCodes":[],"hierarchyPath":[{"id":"1591691242307689","name":"Kukat","slug":"koti-ja-vapaa-aika/puutarha-ja-kukat/kukat","__typename":"HierarchyPathItem"},{"id":"1591691242307495","name":"Puutarha ja kukat","slug":"koti-ja-vapaa-aika/puutarha-ja-kukat","__typename":"HierarchyPathItem"},{"id":"Herkku_00000002","name":"Koti ja vapaa-aika","slug":"koti-ja-vapaa-aika","__typename":"HierarchyPathItem"}],"isGlobalFallback":null,"countryName":{"fi":"Alankomaat","__typename":"CountryName"}},{"id":"8700000004504","ean":"8700000004504","name":"Kuukausikimppu","price":9.49,"storeId":725782447,"__typename":"Product","approxPrice":false,"basicQuantityUnit":"KPL","comparisonPrice":9.49,"comparisonUnit":"PCE","consumerPackageSize":null,"consumerPackageUnit":null,"priceUnit":"KPL","quantityMultiplier":1,"brandName":null,"slug":"kuukausikimppu","isAgeLimitedByAlcohol":false,"frozen":false,"packagingLabels":[],"packagingLabelCodes":[],"hierarchyPath":[{"id":"1591691242307689","name":"Kukat","slug":"koti-ja-vapaa-aika/puutarha-ja-kukat/kukat","__typename":"HierarchyPathItem"},{"id":"1591691242307495","name":"Puutarha ja kukat","slug":"koti-ja-vapaa-aika/puutarha-ja-kukat","__typename":"HierarchyPathItem"},{"id":"Herkku_00000002","name":"Koti ja vapaa-aika","slug":"koti-ja-vapaa-aika","__typename":"HierarchyPathItem"}],"isGlobalFallback":null,"countryName":{"fi":"Alankomaat","__typename":"CountryName"}},{"id":"8710147599955","ean":"8710147599955","name":"Tommies 250g miniluumutomaattipikari","price":2.89,"storeId":725782447,"__typename":"Product","approxPrice":false,"basicQuantityUnit":"KPL","comparisonPrice":11.56,"comparisonUnit":"KGM","consumerPackageSize":null,"consumerPackageUnit":null,"priceUnit":"KPL","quantityMultiplier":1,"brandName":"Tommies","slug":"tommies-250g-miniluumutomaattipikari","isAgeLimitedByAlcohol":false,"frozen":false,"packagingLabels":[],"packagingLabelCodes":[],"hierarchyPath":[{"id":"Herkku_00000203","name":"Tomaatit","slug":"hedelmat-ja-vihannekset-1/vihannekset/tomaatit","__typename":"HierarchyPathItem"},{"id":"Herkku_00000023","name":"Vihannekset","slug":"hedelmat-ja-vihannekset-1/vihannekset","__typename":"HierarchyPathItem"},{"id":"Herkku_00000001","name":"Hedelmät ja vihannekset","slug":"hedelmat-ja-vihannekset-1","__typename":"HierarchyPathItem"}],"isGlobalFallback":null,"countryName":{"fi":"Espanja","__typename":"CountryName"}},{"id":"8710398161987","ean":"8710398161987","name":"Doritos Nacho Cheese maustettu maissilastu 170g","price":2.99,"storeId":725782447,"__typename":"Product","approxPrice":false,"basicQuantityUnit":"KPL","comparisonPrice":17.59,"comparisonUnit":"KGM","consumerPackageSize":null,"consumerPackageUnit":null,"priceUnit":"KPL","quantityMultiplier":1,"brandName":"Doritos","slug":"doritos-nacho-cheese-maustettu-maissilastu-170g","isAgeLimitedByAlcohol":false,"frozen":false,"packagingLabels":[],"packagingLabelCodes":[],"hierarchyPath":[{"id":"Herkku_00000465","name":"Lastut","slug":"oljyt-mausteet-maustaminen-1/tex-mex/lastut","__typename":"HierarchyPathItem"},{"id":"StructureGroup_198285814629","name":"Tex mex","slug":"oljyt-mausteet-maustaminen-1/tex-mex","__typename":"HierarchyPathItem"},{"id":"Herkku_00000011","name":"Öljyt, mausteet, maustaminen","slug":"oljyt-mausteet-maustaminen-1","__typename":"HierarchyPathItem"}],"isGlobalFallback":null,"countryName":{"fi":"Alankomaat","__typename":"CountryName"}},{"id":"8710398162045","ean":"8710398162045","name":"Doritos makea chilipaprika nacho maissilastu 170g","price":2.99,"storeId":725782447,"__typename":"Product","approxPrice":false,"basicQuantityUnit":"KPL","comparisonPrice":17.59,"comparisonUnit":"KGM","consumerPackageSize":null,"consumerPackageUnit":null,"priceUnit":"KPL","quantityMultiplier":1,"brandName":"Doritos","slug":"doritos-makea-chilipaprika-nacho-maissilastu-170g","isAgeLimitedByAlcohol":false,"frozen":false,"packagingLabels":[],"packagingLabelCodes":[],"hierarchyPath":[{"id":"Herkku_00000465","name":"Lastut","slug":"oljyt-mausteet-maustaminen-1/tex-mex/lastut","__typename":"HierarchyPathItem"},{"id":"StructureGroup_198285814629","name":"Tex mex","slug":"oljyt-mausteet-maustaminen-1/tex-mex","__typename":"HierarchyPathItem"},{"id":"Herkku_00000011","name":"Öljyt, mausteet, maustaminen","slug":"oljyt-mausteet-maustaminen-1","__typename":"HierarchyPathItem"}],"isGlobalFallback":null,"countryName":{"fi":"Alankomaat","__typename":"CountryName"}},{"id":"8710447211052","ean":"8710447211052","name":"TRESemmé Nourish Coconut Shampoo Silikoniton ja väriaineeton Kosteuttava 400 ml","price":5.49,"storeId":725782447,"__typename":"Product","approxPrice":false,"basicQuantityUnit":"KPL","comparisonPrice":13.73,"comparisonUnit":"LTR","consumerPackageSize":null,"consumerPackageUnit":null,"priceUnit":"KPL","quantityMultiplier":1,"brandName":"TRESemmé","slug":"tresemme-nourish-coconut-shampoo-silikoniton-ja-variaineeton-kosteuttava-400-ml","isAgeLimitedByAlcohol":false,"frozen":false,"packagingLabels":[],"packagingLabelCodes":[],"hierarchyPath":[{"id":"1591691233415301","name":"Shampoot","slug":"kosmetiikka-ja-hygienia/hiukset-ja-hiustenhoito/shampoot","__typename":"HierarchyPathItem"},{"id":"1591691233415300","name":"Hiukset ja hiustenhoito","slug":"kosmetiikka-ja-hygienia/hiukset-ja-hiustenhoito","__typename":"HierarchyPathItem"},{"id":"1591691233334707","name":"Kosmetiikka ja hygienia","slug":"kosmetiikka-ja-hygienia","__typename":"HierarchyPathItem"}],"isGlobalFallback":null,"countryName":{"fi":"Puola","__typename":"CountryName"}},{"id":"8710447224311","ean":"8710447224311","name":"TRESemmé Nourish Coconut Hoitoaine Silikoniton ja väriaineeton Kosteuttava 400 ml","price":5.49,"storeId":725782447,"__typename":"Product","approxPrice":false,"basicQuantityUnit":"KPL","comparisonPrice":13.73,"comparisonUnit":"LTR","consumerPackageSize":null,"consumerPackageUnit":null,"priceUnit":"KPL","quantityMultiplier":1,"brandName":"TRESemmé","slug":"tresemme-nourish-coconut-hoitoaine-silikoniton-ja-variaineeton-kosteuttava-400-ml","isAgeLimitedByAlcohol":false,"frozen":false,"packagingLabels":[],"packagingLabelCodes":[],"hierarchyPath":[{"id":"1591691233415303","name":"Hiustenhoitoaineet","slug":"kosmetiikka-ja-hygienia/hiukset-ja-hiustenhoito/hiustenhoitoaineet","__typename":"HierarchyPathItem"},{"id":"1591691233415300","name":"Hiukset ja hiustenhoito","slug":"kosmetiikka-ja-hygienia/hiukset-ja-hiustenhoito","__typename":"HierarchyPathItem"},{"id":"1591691233334707","name":"Kosmetiikka ja hygienia","slug":"kosmetiikka-ja-hygienia","__typename":"HierarchyPathItem"}],"isGlobalFallback":null,"countryName":{"fi":"Puola","__typename":"CountryName"}},{"id":"8710447276570","ean":"8710447276570","name":"Axe Suihkusaippua antaa raikkaan tunteen koko päiväksi Dark Temptation 12 tunnin vastustamaton tuoksu 250 ml","price":3.39,"storeId":725782447,"__typename":"Product","approxPrice":false,"basicQuantityUnit":"KPL","comparisonPrice":13.56,"comparisonUnit":"LTR","consumerPackageSize":null,"consumerPackageUnit":null,"priceUnit":"KPL","quantityMultiplier":1,"brandName":"AXE","slug":"axe-suihkusaippua-antaa-raikkaan-tunteen-koko-paivaksi-dark-temptation-12-tunnin-vastustamaton-tuoksu-250-ml","isAgeLimitedByAlcohol":false,"frozen":false,"packagingLabels":[],"packagingLabelCodes":[],"hierarchyPath":[{"id":"1591691233415961","name":"Miesten suihkusaippuat","slug":"kosmetiikka-ja-hygienia/saippuat-ja-pesutarvikkeet/miesten-suihkusaippuat","__typename":"HierarchyPathItem"},{"id":"1591691233415959","name":"Saippuat ja pesutarvikkeet","slug":"kosmetiikka-ja-hygienia/saippuat-ja-pesutarvikkeet","__typename":"HierarchyPathItem"},{"id":"1591691233334707","name":"Kosmetiikka ja hygienia","slug":"kosmetiikka-ja-hygienia","__typename":"HierarchyPathItem"}],"isGlobalFallback":null,"countryName":{"fi":"Saksa","__typename":"CountryName"}},{"id":"8710447329689","ean":"8710447329689","name":"Surf Tropical lily & Ylang Ylang Pyykinpesuaine Kirjo- ja valkopyykille Pitkäkestoinen tuoksu 920 ml 23 pesua","price":4.69,"storeId":725782447,"__typename":"Product","approxPrice":false,"basicQuantityUnit":"KPL","comparisonPrice":5.1,"comparisonUnit":"LTR","consumerPackageSize":null,"consumerPackageUnit":null,"priceUnit":"KPL","quantityMultiplier":1,"brandName":"Surf","slug":"surf-tropical-lily-and-ylang-ylang-pyykinpesuaine-kirjo-ja-valkopyykille-pitkakestoinen-tuoksu-920-ml-23-pesua","isAgeLimitedByAlcohol":false,"frozen":false,"packagingLabels":[],"packagingLabelCodes":[],"hierarchyPath":[{"id":"1591691234596332","name":"Pyykinpesuaineet","slug":"kodinhoito-ja-taloustarvikkeet/pyykinpesu/pyykinpesuaineet","__typename":"HierarchyPathItem"},{"id":"1591691234596326","name":"Pyykinpesu","slug":"kodinhoito-ja-taloustarvikkeet/pyykinpesu","__typename":"HierarchyPathItem"},{"id":"1591691234596256","name":"Kodinhoito ja taloustarvikkeet","slug":"kodinhoito-ja-taloustarvikkeet","__typename":"HierarchyPathItem"}],"isGlobalFallback":null,"countryName":{"fi":"Tanska","__typename":"CountryName"}},{"id":"8710447330715","ean":"8710447330715","name":"Omo Pyykinpesuneste Sensitive 1 L","price":7.49,"storeId":725782447,"__typename":"Product","approxPrice":false,"basicQuantityUnit":"KPL","comparisonPrice":7.49,"comparisonUnit":"LTR","consumerPackageSize":null,"consumerPackageUnit":null,"priceUnit":"KPL","quantityMultiplier":1,"brandName":"Omo","slug":"omo-pyykinpesuneste-sensitive-1-l","isAgeLimitedByAlcohol":false,"frozen":false,"packagingLabels":[],"packagingLabelCodes":[],"hierarchyPath":[{"id":"1591691234596332","name":"Pyykinpesuaineet","slug":"kodinhoito-ja-taloustarvikkeet/pyykinpesu/pyykinpesuaineet","__typename":"HierarchyPathItem"},{"id":"1591691234596326","name":"Pyykinpesu","slug":"kodinhoito-ja-taloustarvikkeet/pyykinpesu","__typename":"HierarchyPathItem"},{"id":"1591691234596256","name":"Kodinhoito ja taloustarvikkeet","slug":"kodinhoito-ja-taloustarvikkeet","__typename":"HierarchyPathItem"}],"isGlobalFallback":null,"countryName":{"fi":"Tanska","__typename":"CountryName"}},{"id":"8710447330722","ean":"8710447330722","name":"Omo Pyykinpesuneste Color 1 L","price":7.49,"storeId":725782447,"__typename":"Product","approxPrice":false,"basicQuantityUnit":"KPL","comparisonPrice":7.49,"comparisonUnit":"LTR","consumerPackageSize":null,"consumerPackageUnit":null,"priceUnit":"KPL","quantityMultiplier":1,"brandName":"Omo","slug":"omo-pyykinpesuneste-color-1-l","isAgeLimitedByAlcohol":false,"frozen":false,"packagingLabels":[],"packagingLabelCodes":[],"hierarchyPath":[{"id":"1591691234596332","name":"Pyykinpesuaineet","slug":"kodinhoito-ja-taloustarvikkeet/pyykinpesu/pyykinpesuaineet","__typename":"HierarchyPathItem"},{"id":"1591691234596326","name":"Pyykinpesu","slug":"kodinhoito-ja-taloustarvikkeet/pyykinpesu","__typename":"HierarchyPathItem"},{"id":"1591691234596256","name":"Kodinhoito ja taloustarvikkeet","slug":"kodinhoito-ja-taloustarvikkeet","__typename":"HierarchyPathItem"}],"isGlobalFallback":null,"countryName":{"fi":"Tanska","__typename":"CountryName"}},{"id":"8710449933327","ean":"8710449933327","name":"Aviko Bataattiranskalaiset Pakaste 450g","price":3.59,"storeId":725782447,"__typename":"Product","approxPrice":false,"basicQuantityUnit":"KPL","comparisonPrice":7.98,"comparisonUnit":"KGM","consumerPackageSize":null,"consumerPackageUnit":null,"priceUnit":"KPL","quantityMultiplier":1,"brandName":"Aviko","slug":"aviko-bataattiranskalaiset-pakaste-450g","isAgeLimitedByAlcohol":false,"frozen":true,"packagingLabels":[],"packagingLabelCodes":[],"hierarchyPath":[{"id":"1591691225905752","name":"Ranskalaiset perunat ja lohkoperunat","slug":"pakasteet-1/perunapakasteet/ranskalaiset-perunat-ja-lohkoperunat","__typename":"HierarchyPathItem"},{"id":"Herkku_00000128","name":"Perunapakasteet","slug":"pakasteet-1/perunapakasteet","__typename":"HierarchyPathItem"},{"id":"Herkku_00000013","name":"Pakasteet","slug":"pakasteet-1","__typename":"HierarchyPathItem"}],"isGlobalFallback":null,"countryName":{"fi":"Yhdysvallat","__typename":"CountryName"}},{"id":"8710464120276","ean":"8710464120276","name":"Corega Tabs 3 Minutes poretabletti hammasproteesin puhdistukseen 36 kpl","price":6.3,"storeId":725782447,"__typename":"Product","approxPrice":false,"basicQuantityUnit":"KPL","comparisonPrice":0.18,"comparisonUnit":"PCE","consumerPackageSize":null,"consumerPackageUnit":null,"priceUnit":"KPL","quantityMultiplier":1,"brandName":"Corega","slug":"corega-tabs-3-minutes-poretabletti-hammasproteesin-puhdistukseen-36-kpl","isAgeLimitedByAlcohol":false,"frozen":false,"packagingLabels":[],"packagingLabelCodes":[],"hierarchyPath":[{"id":"1591691233571235","name":"Hammasproteesituotteet","slug":"kosmetiikka-ja-hygienia/suunhoito/hammasproteesituotteet","__typename":"HierarchyPathItem"},{"id":"1591691233571225","name":"Suunhoito","slug":"kosmetiikka-ja-hygienia/suunhoito","__typename":"HierarchyPathItem"},{"id":"1591691233334707","name":"Kosmetiikka ja hygienia","slug":"kosmetiikka-ja-hygienia","__typename":"HierarchyPathItem"}],"isGlobalFallback":null,"countryName":{"fi":"Irlanti","__typename":"CountryName"}},{"id":"8710508550014","ean":"8710508550014","name":"Hellema Fourre suklaanmakuinen täytekeksi 500g","price":2.15,"storeId":725782447,"__typename":"Product","approxPrice":false,"basicQuantityUnit":"KPL","comparisonPrice":4.3,"comparisonUnit":"KGM","consumerPackageSize":null,"consumerPackageUnit":null,"priceUnit":"KPL","quantityMultiplier":1,"brandName":"Hellema","slug":"hellema-fourre-suklaanmakuinen-taytekeksi-500g","isAgeLimitedByAlcohol":false,"frozen":false,"packagingLabels":[],"packagingLabelCodes":[],"hierarchyPath":null,"isGlobalFallback":null,"countryName":{"fi":"Alankomaat","__typename":"CountryName"}},{"id":"8710508550045","ean":"8710508550045","name":"Hellema Fourre vaniljanmakuinen täytekeksi 500g","price":2.15,"storeId":725782447,"__typename":"Product","approxPrice":false,"basicQuantityUnit":"KPL","comparisonPrice":4.3,"comparisonUnit":"KGM","consumerPackageSize":null,"consumerPackageUnit":null,"priceUnit":"KPL","quantityMultiplier":1,"brandName":"Hellema","slug":"hellema-fourre-vaniljanmakuinen-taytekeksi-500g","isAgeLimitedByAlcohol":false,"frozen":false,"packagingLabels":[],"packagingLabelCodes":[],"hierarchyPath":null,"isGlobalFallback":null,"countryName":{"fi":"Alankomaat","__typename":"CountryName"}},{"id":"8710522751237","ean":"8710522751237","name":"Knorr Snack Pot BIG Tomato & Mozzarella 93 g","price":2.49,"storeId":725782447,"__typename":"Product","approxPrice":false,"basicQuantityUnit":"KPL","comparisonPrice":26.77,"comparisonUnit":"KGM","consumerPackageSize":null,"consumerPackageUnit":null,"priceUnit":"KPL","quantityMultiplier":1,"brandName":"Knorr","slug":"knorr-snack-pot-big-tomato-and-mozzarella-93-g","isAgeLimitedByAlcohol":false,"frozen":false,"packagingLabels":["Green Dot"," V Label Vegetarian"],"packagingLabelCodes":["EUROPEAN_V_LABEL_VEGETARIAN"," GREEN_DOT"],"hierarchyPath":[{"id":"Herkku_00000467","name":"Valmiit ateriaratkaisut","slug":"kuivatuotteet-ja-leivonta-1/ateria-ainekset/valmiit-ateriaratkaisut","__typename":"HierarchyPathItem"},{"id":"Herkku_00000087","name":"Ateria-ainekset","slug":"kuivatuotteet-ja-leivonta-1/ateria-ainekset","__typename":"HierarchyPathItem"},{"id":"Herkku_00000007","name":"Kuivatuotteet ja leivonta","slug":"kuivatuotteet-ja-leivonta-1","__typename":"HierarchyPathItem"}],"isGlobalFallback":null,"countryName":{"fi":"Liettua","__typename":"CountryName"}},{"id":"8710522905616","ean":"8710522905616","name":"Knorr Snack Pot wholegrain Spinach & Cheese 60 g","price":2.25,"storeId":725782447,"__typename":"Product","approxPrice":false,"basicQuantityUnit":"KPL","comparisonPrice":37.5,"comparisonUnit":"KGM","consumerPackageSize":null,"consumerPackageUnit":null,"priceUnit":"KPL","quantityMultiplier":1,"brandName":"Knorr","slug":"knorr-snack-pot-wholegrain-spinach-and-cheese-60-g","isAgeLimitedByAlcohol":false,"frozen":false,"packagingLabels":["V Label Vegetarian"],"packagingLabelCodes":["EUROPEAN_V_LABEL_VEGETARIAN"],"hierarchyPath":[{"id":"Herkku_00000467","name":"Valmiit ateriaratkaisut","slug":"kuivatuotteet-ja-leivonta-1/ateria-ainekset/valmiit-ateriaratkaisut","__typename":"HierarchyPathItem"},{"id":"Herkku_00000087","name":"Ateria-ainekset","slug":"kuivatuotteet-ja-leivonta-1/ateria-ainekset","__typename":"HierarchyPathItem"},{"id":"Herkku_00000007","name":"Kuivatuotteet ja leivonta","slug":"kuivatuotteet-ja-leivonta-1","__typename":"HierarchyPathItem"}],"isGlobalFallback":null,"countryName":{"fi":"Saksa","__typename":"CountryName"}},{"id":"8710532452582","ean":"8710532452582","name":"Nuts about Nature 100% Maapähkinävoi Smooth 340g","price":3.25,"storeId":725782447,"__typename":"Product","approxPrice":false,"basicQuantityUnit":"KPL","comparisonPrice":9.56,"comparisonUnit":"KGM","consumerPackageSize":null,"consumerPackageUnit":null,"priceUnit":"KPL","quantityMultiplier":1,"brandName":"Nuts About Nature","slug":"nuts-about-nature-100-maapahkinavoi-smooth-340g","isAgeLimitedByAlcohol":false,"frozen":false,"packagingLabels":[],"packagingLabelCodes":[],"hierarchyPath":[{"id":"Herkku_00000356","name":"Pähkinä- ja suklaalevitteet","slug":"kuivatuotteet-ja-leivonta-1/hillot-ja-marmeladit/pahkina-ja-suklaalevitteet","__typename":"HierarchyPathItem"},{"id":"Herkku_00000064","name":"Hillot ja marmeladit","slug":"kuivatuotteet-ja-leivonta-1/hillot-ja-marmeladit","__typename":"HierarchyPathItem"},{"id":"Herkku_00000007","name":"Kuivatuotteet ja leivonta","slug":"kuivatuotteet-ja-leivonta-1","__typename":"HierarchyPathItem"}],"isGlobalFallback":null,"countryName":{"fi":"Alankomaat","__typename":"CountryName"}},{"id":"8710532455750","ean":"8710532455750","name":"Nuts about Nature 100% Maapähkinävoi Crunchy 340g","price":3.25,"storeId":725782447,"__typename":"Product","approxPrice":false,"basicQuantityUnit":"KPL","comparisonPrice":9.56,"comparisonUnit":"KGM","consumerPackageSize":null,"consumerPackageUnit":null,"priceUnit":"KPL","quantityMultiplier":1,"brandName":"Nuts About Nature","slug":"nuts-about-nature-100-maapahkinavoi-crunchy-340g","isAgeLimitedByAlcohol":false,"frozen":false,"packagingLabels":[],"packagingLabelCodes":[],"hierarchyPath":[{"id":"Herkku_00000356","name":"Pähkinä- ja suklaalevitteet","slug":"kuivatuotteet-ja-leivonta-1/hillot-ja-marmeladit/pahkina-ja-suklaalevitteet","__typename":"HierarchyPathItem"},{"id":"Herkku_00000064","name":"Hillot ja marmeladit","slug":"kuivatuotteet-ja-leivonta-1/hillot-ja-marmeladit","__typename":"HierarchyPathItem"},{"id":"Herkku_00000007","name":"Kuivatuotteet ja leivonta","slug":"kuivatuotteet-ja-leivonta-1","__typename":"HierarchyPathItem"}],"isGlobalFallback":null,"countryName":{"fi":"Alankomaat","__typename":"CountryName"}},{"id":"8710604735643","ean":"8710604735643","name":"Knorr Kastikeaines 3 Pippurin kastike 3x28g","price":2.25,"storeId":725782447,"__typename":"Product","approxPrice":false,"basicQuantityUnit":"KPL","comparisonPrice":26.79,"comparisonUnit":"KGM","consumerPackageSize":null,"consumerPackageUnit":null,"priceUnit":"KPL","quantityMultiplier":1,"brandName":"Knorr","slug":"knorr-kastikeaines-3-pippurin-kastike-3x28g","isAgeLimitedByAlcohol":false,"frozen":false,"packagingLabels":["V Label Vegetarian"],"packagingLabelCodes":["EUROPEAN_V_LABEL_VEGETARIAN"],"hierarchyPath":[{"id":"Herkku_00000453","name":"Kastikeainekset","slug":"oljyt-mausteet-maustaminen-1/maustekastikkeet-ja-tahnat/kastikeainekset","__typename":"HierarchyPathItem"},{"id":"Herkku_00000078","name":"Maustekastikkeet ja tahnat","slug":"oljyt-mausteet-maustaminen-1/maustekastikkeet-ja-tahnat","__typename":"HierarchyPathItem"},{"id":"Herkku_00000011","name":"Öljyt, mausteet, maustaminen","slug":"oljyt-mausteet-maustaminen-1","__typename":"HierarchyPathItem"}],"isGlobalFallback":null,"countryName":{"fi":"Ranska","__typename":"CountryName"}},{"id":"8710604735681","ean":"8710604735681","name":"Knorr Kastikeaines Kermakastike 3x24g","price":2.25,"storeId":725782447,"__typename":"Product","approxPrice":false,"basicQuantityUnit":"KPL","comparisonPrice":31.25,"comparisonUnit":"KGM","consumerPackageSize":null,"consumerPackageUnit":null,"priceUnit":"KPL","quantityMultiplier":1,"brandName":"Knorr","slug":"knorr-kastikeaines-kermakastike-3x24g","isAgeLimitedByAlcohol":false,"frozen":false,"packagingLabels":["V Label Vegetarian"],"packagingLabelCodes":["EUROPEAN_V_LABEL_VEGETARIAN"],"hierarchyPath":[{"id":"Herkku_00000453","name":"Kastikeainekset","slug":"oljyt-mausteet-maustaminen-1/maustekastikkeet-ja-tahnat/kastikeainekset","__typename":"HierarchyPathItem"},{"id":"Herkku_00000078","name":"Maustekastikkeet ja tahnat","slug":"oljyt-mausteet-maustaminen-1/maustekastikkeet-ja-tahnat","__typename":"HierarchyPathItem"},{"id":"Herkku_00000011","name":"Öljyt, mausteet, maustaminen","slug":"oljyt-mausteet-maustaminen-1","__typename":"HierarchyPathItem"}],"isGlobalFallback":null,"countryName":{"fi":"Ranska","__typename":"CountryName"}},{"id":"8710604750080","ean":"8710604750080","name":"Knorr Kastikeaines Herkkusienikastike 3x21g","price":2.25,"storeId":725782447,"__typename":"Product","approxPrice":false,"basicQuantityUnit":"KPL","comparisonPrice":35.71,"comparisonUnit":"KGM","consumerPackageSize":null,"consumerPackageUnit":null,"priceUnit":"KPL","quantityMultiplier":1,"brandName":"Knorr","slug":"knorr-kastikeaines-herkkusienikastike-3x21g","isAgeLimitedByAlcohol":false,"frozen":false,"packagingLabels":["V Label Vegan"],"packagingLabelCodes":["EUROPEAN_V_LABEL_VEGAN"],"hierarchyPath":[{"id":"Herkku_00000453","name":"Kastikeainekset","slug":"oljyt-mausteet-maustaminen-1/maustekastikkeet-ja-tahnat/kastikeainekset","__typename":"HierarchyPathItem"},{"id":"Herkku_00000078","name":"Maustekastikkeet ja tahnat","slug":"oljyt-mausteet-maustaminen-1/maustekastikkeet-ja-tahnat","__typename":"HierarchyPathItem"},{"id":"Herkku_00000011","name":"Öljyt, mausteet, maustaminen","slug":"oljyt-mausteet-maustaminen-1","__typename":"HierarchyPathItem"}],"isGlobalFallback":null,"countryName":{"fi":"Saksa","__typename":"CountryName"}},{"id":"8710605018691","ean":"8710605018691","name":"Go-Tan Ketjap Manis makea soijakastike 270ml","price":3.35,"storeId":725782447,"__typename":"Product","approxPrice":false,"basicQuantityUnit":"KPL","comparisonPrice":12.41,"comparisonUnit":"LTR","consumerPackageSize":null,"consumerPackageUnit":null,"priceUnit":"KPL","quantityMultiplier":1,"brandName":"Go-Tan","slug":"go-tan-ketjap-manis-makea-soijakastike-270ml","isAgeLimitedByAlcohol":false,"frozen":false,"packagingLabels":[],"packagingLabelCodes":[],"hierarchyPath":[{"id":"Herkku_00000428","name":"Soijakastikkeet","slug":"oljyt-mausteet-maustaminen-1/maustekastikkeet-ja-tahnat/soijakastikkeet","__typename":"HierarchyPathItem"},{"id":"Herkku_00000078","name":"Maustekastikkeet ja tahnat","slug":"oljyt-mausteet-maustaminen-1/maustekastikkeet-ja-tahnat","__typename":"HierarchyPathItem"},{"id":"Herkku_00000011","name":"Öljyt, mausteet, maustaminen","slug":"oljyt-mausteet-maustaminen-1","__typename":"HierarchyPathItem"}],"isGlobalFallback":null,"countryName":{"fi":"Alankomaat","__typename":"CountryName"}},{"id":"8710605030051","ean":"8710605030051","name":"Go-Tan Sriracha tulinen chilikastike 215ml","price":3.05,"storeId":725782447,"__typename":"Product","approxPrice":false,"basicQuantityUnit":"KPL","comparisonPrice":14.19,"comparisonUnit":"LTR","consumerPackageSize":null,"consumerPackageUnit":null,"priceUnit":"KPL","quantityMultiplier":1,"brandName":"Go-Tan","slug":"go-tan-sriracha-tulinen-chilikastike-215ml","isAgeLimitedByAlcohol":false,"frozen":false,"packagingLabels":[],"packagingLabelCodes":[],"hierarchyPath":[{"id":"Herkku_00000431","name":"Chilikastikkeet","slug":"oljyt-mausteet-maustaminen-1/maustekastikkeet-ja-tahnat/chilikastikkeet","__typename":"HierarchyPathItem"},{"id":"Herkku_00000078","name":"Maustekastikkeet ja tahnat","slug":"oljyt-mausteet-maustaminen-1/maustekastikkeet-ja-tahnat","__typename":"HierarchyPathItem"},{"id":"Herkku_00000011","name":"Öljyt, mausteet, maustaminen","slug":"oljyt-mausteet-maustaminen-1","__typename":"HierarchyPathItem"}],"isGlobalFallback":null,"countryName":{"fi":"Unkari","__typename":"CountryName"}},{"id":"8710908164194","ean":"8710908164194","name":"Comfort Huuhteluaine Limited edition 750 ml","price":5.15,"storeId":725782447,"__typename":"Product","approxPrice":false,"basicQuantityUnit":"KPL","comparisonPrice":6.87,"comparisonUnit":"LTR","consumerPackageSize":null,"consumerPackageUnit":null,"priceUnit":"KPL","quantityMultiplier":1,"brandName":"Comfort","slug":"comfort-huuhteluaine-limited-edition-750-ml","isAgeLimitedByAlcohol":false,"frozen":false,"packagingLabels":["EU:n ympäristömerkki (EU-kukka)"],"packagingLabelCodes":["EU_ECO_LABEL"],"hierarchyPath":[{"id":"1591691234596333","name":"Huuhteluaineet","slug":"kodinhoito-ja-taloustarvikkeet/pyykinpesu/huuhteluaineet","__typename":"HierarchyPathItem"},{"id":"1591691234596326","name":"Pyykinpesu","slug":"kodinhoito-ja-taloustarvikkeet/pyykinpesu","__typename":"HierarchyPathItem"},{"id":"1591691234596256","name":"Kodinhoito ja taloustarvikkeet","slug":"kodinhoito-ja-taloustarvikkeet","__typename":"HierarchyPathItem"}],"isGlobalFallback":null,"countryName":{"fi":"Italia","__typename":"CountryName"}},{"id":"8711200349135","ean":"8711200349135","name":"Knorr Formaggio juustopasta Spaghetteria Juustoa ja yrttejä 157 g","price":2.39,"storeId":725782447,"__typename":"Product","approxPrice":false,"basicQuantityUnit":"KPL","comparisonPrice":15.22,"comparisonUnit":"KGM","consumerPackageSize":null,"consumerPackageUnit":null,"priceUnit":"KPL","quantityMultiplier":1,"brandName":"Knorr","slug":"knorr-formaggio-juustopasta-spaghetteria-juustoa-ja-yrtteja-157-g","isAgeLimitedByAlcohol":false,"frozen":false,"packagingLabels":[],"packagingLabelCodes":[],"hierarchyPath":[{"id":"Herkku_00000467","name":"Valmiit ateriaratkaisut","slug":"kuivatuotteet-ja-leivonta-1/ateria-ainekset/valmiit-ateriaratkaisut","__typename":"HierarchyPathItem"},{"id":"Herkku_00000087","name":"Ateria-ainekset","slug":"kuivatuotteet-ja-leivonta-1/ateria-ainekset","__typename":"HierarchyPathItem"},{"id":"Herkku_00000007","name":"Kuivatuotteet ja leivonta","slug":"kuivatuotteet-ja-leivonta-1","__typename":"HierarchyPathItem"}],"isGlobalFallback":null,"countryName":{"fi":"Saksa","__typename":"CountryName"}},{"id":"8711200359721","ean":"8711200359721","name":"Knorr Carbonara Snack Pot Big Pastavälipala Pekonikuutioilla 92 g","price":2.49,"storeId":725782447,"__typename":"Product","approxPrice":false,"basicQuantityUnit":"KPL","comparisonPrice":27.07,"comparisonUnit":"KGM","consumerPackageSize":null,"consumerPackageUnit":null,"priceUnit":"KPL","quantityMultiplier":1,"brandName":"Knorr","slug":"knorr-carbonara-snack-pot-big-pastavalipala-pekonikuutioilla-92-g","isAgeLimitedByAlcohol":false,"frozen":false,"packagingLabels":["Green Dot"],"packagingLabelCodes":["GREEN_DOT"],"hierarchyPath":[{"id":"Herkku_00000467","name":"Valmiit ateriaratkaisut","slug":"kuivatuotteet-ja-leivonta-1/ateria-ainekset/valmiit-ateriaratkaisut","__typename":"HierarchyPathItem"},{"id":"Herkku_00000087","name":"Ateria-ainekset","slug":"kuivatuotteet-ja-leivonta-1/ateria-ainekset","__typename":"HierarchyPathItem"},{"id":"Herkku_00000007","name":"Kuivatuotteet ja leivonta","slug":"kuivatuotteet-ja-leivonta-1","__typename":"HierarchyPathItem"}],"isGlobalFallback":null,"countryName":{"fi":"Liettua","__typename":"CountryName"}},{"id":"8711200360345","ean":"8711200360345","name":"Knorr Snack Pot BIG Bolognese 88 g","price":2.49,"storeId":725782447,"__typename":"Product","approxPrice":false,"basicQuantityUnit":"KPL","comparisonPrice":28.3,"comparisonUnit":"KGM","consumerPackageSize":null,"consumerPackageUnit":null,"priceUnit":"KPL","quantityMultiplier":1,"brandName":"Knorr","slug":"knorr-snack-pot-big-bolognese-88-g","isAgeLimitedByAlcohol":false,"frozen":false,"packagingLabels":[],"packagingLabelCodes":[],"hierarchyPath":[{"id":"Herkku_00000467","name":"Valmiit ateriaratkaisut","slug":"kuivatuotteet-ja-leivonta-1/ateria-ainekset/valmiit-ateriaratkaisut","__typename":"HierarchyPathItem"},{"id":"Herkku_00000087","name":"Ateria-ainekset","slug":"kuivatuotteet-ja-leivonta-1/ateria-ainekset","__typename":"HierarchyPathItem"},{"id":"Herkku_00000007","name":"Kuivatuotteet ja leivonta","slug":"kuivatuotteet-ja-leivonta-1","__typename":"HierarchyPathItem"}],"isGlobalFallback":null,"countryName":{"fi":"Ruotsi","__typename":"CountryName"}},{"id":"8711200424306","ean":"8711200424306","name":"Knorr Kastike Béarnaise 300 ml","price":2.75,"storeId":725782447,"__typename":"Product","approxPrice":false,"basicQuantityUnit":"KPL","comparisonPrice":9.17,"comparisonUnit":"LTR","consumerPackageSize":null,"consumerPackageUnit":null,"priceUnit":"KPL","quantityMultiplier":1,"brandName":"Knorr","slug":"knorr-kastike-bearnaise-300-ml","isAgeLimitedByAlcohol":false,"frozen":false,"packagingLabels":["European Vegetarian Union"],"packagingLabelCodes":["EUROPEAN_VEGETARIAN_UNION"],"hierarchyPath":[{"id":"Herkku_00000453","name":"Kastikeainekset","slug":"oljyt-mausteet-maustaminen-1/maustekastikkeet-ja-tahnat/kastikeainekset","__typename":"HierarchyPathItem"},{"id":"Herkku_00000078","name":"Maustekastikkeet ja tahnat","slug":"oljyt-mausteet-maustaminen-1/maustekastikkeet-ja-tahnat","__typename":"HierarchyPathItem"},{"id":"Herkku_00000011","name":"Öljyt, mausteet, maustaminen","slug":"oljyt-mausteet-maustaminen-1","__typename":"HierarchyPathItem"}],"isGlobalFallback":null,"countryName":{"fi":"Ranska","__typename":"CountryName"}},{"id":"8711327327870","ean":"8711327327870","name":"Ingman Lipsi Päärynä Jäätelö 70ml/68g","price":1.05,"storeId":725782447,"__typename":"Product","approxPrice":false,"basicQuantityUnit":"KPL","comparisonPrice":15.44,"comparisonUnit":"KGM","consumerPackageSize":null,"consumerPackageUnit":null,"priceUnit":"KPL","quantityMultiplier":1,"brandName":"Ingman","slug":"ingman-lipsi-paaryna-jaatelo-70ml68g","isAgeLimitedByAlcohol":false,"frozen":true,"packagingLabels":[],"packagingLabelCodes":[],"hierarchyPath":[{"id":"1591691225905928","name":"Yksittäiset jäätelöt","slug":"pakasteet-1/jaatelot/yksittaiset-jaatelot","__typename":"HierarchyPathItem"},{"id":"Herkku_00000130","name":"Jäätelöt","slug":"pakasteet-1/jaatelot","__typename":"HierarchyPathItem"},{"id":"Herkku_00000013","name":"Pakasteet","slug":"pakasteet-1","__typename":"HierarchyPathItem"}],"isGlobalFallback":null,"countryName":{"fi":"Suomi","__typename":"CountryName"}},{"id":"8711327370388","ean":"8711327370388","name":"Ingman Creamy jäätelöpakkaus Suolakinuski & Pekaanipähkinä 850 ML","price":4.69,"storeId":725782447,"__typename":"Product","approxPrice":false,"basicQuantityUnit":"KPL","comparisonPrice":5.52,"comparisonUnit":"LTR","consumerPackageSize":null,"consumerPackageUnit":null,"priceUnit":"KPL","quantityMultiplier":1,"brandName":"Ingman","slug":"ingman-creamy-jaatelopakkaus-suolakinuski-and-pekaanipahkina-850-ml","isAgeLimitedByAlcohol":false,"frozen":true,"packagingLabels":[],"packagingLabelCodes":[],"hierarchyPath":[{"id":"1591691225905930","name":"Jäätelöpakkaukset","slug":"pakasteet-1/jaatelot/jaatelopakkaukset","__typename":"HierarchyPathItem"},{"id":"Herkku_00000130","name":"Jäätelöt","slug":"pakasteet-1/jaatelot","__typename":"HierarchyPathItem"},{"id":"Herkku_00000013","name":"Pakasteet","slug":"pakasteet-1","__typename":"HierarchyPathItem"}],"isGlobalFallback":null,"countryName":{"fi":"Suomi","__typename":"CountryName"}},{"id":"8711327371002","ean":"8711327371002","name":"Ben & Jerry's  Half Baked Jäätelö   465ml/406g","price":8.25,"storeId":725782447,"__typename":"Product","approxPrice":false,"basicQuantityUnit":"KPL","comparisonPrice":17.74,"comparisonUnit":"LTR","consumerPackageSize":null,"consumerPackageUnit":null,"priceUnit":"KPL","quantityMultiplier":1,"brandName":"Ben & Jerry's","slug":"ben-and-jerrys-half-baked-jaatelo-465ml406g","isAgeLimitedByAlcohol":false,"frozen":true,"packagingLabels":["Reilu Kauppa"],"packagingLabelCodes":["FAIR_TRADE_MARK"],"hierarchyPath":[{"id":"1591691225905930","name":"Jäätelöpakkaukset","slug":"pakasteet-1/jaatelot/jaatelopakkaukset","__typename":"HierarchyPathItem"},{"id":"Herkku_00000130","name":"Jäätelöt","slug":"pakasteet-1/jaatelot","__typename":"HierarchyPathItem"},{"id":"Herkku_00000013","name":"Pakasteet","slug":"pakasteet-1","__typename":"HierarchyPathItem"}],"isGlobalFallback":null,"countryName":{"fi":"Alankomaat","__typename":"CountryName"}},{"id":"8711327373105","ean":"8711327373105","name":"Ben & Jerry's  Cookie Dough Vanilja Jäätelö   465ml/406g","price":8.25,"storeId":725782447,"__typename":"Product","approxPrice":false,"basicQuantityUnit":"KPL","comparisonPrice":17.74,"comparisonUnit":"LTR","consumerPackageSize":null,"consumerPackageUnit":null,"priceUnit":"KPL","quantityMultiplier":1,"brandName":"Ben & Jerry's","slug":"ben-and-jerrys-cookie-dough-vanilja-jaatelo-465ml406g","isAgeLimitedByAlcohol":false,"frozen":true,"packagingLabels":["Reilu Kauppa"],"packagingLabelCodes":["FAIR_TRADE_MARK"],"hierarchyPath":[{"id":"1591691225905930","name":"Jäätelöpakkaukset","slug":"pakasteet-1/jaatelot/jaatelopakkaukset","__typename":"HierarchyPathItem"},{"id":"Herkku_00000130","name":"Jäätelöt","slug":"pakasteet-1/jaatelot","__typename":"HierarchyPathItem"},{"id":"Herkku_00000013","name":"Pakasteet","slug":"pakasteet-1","__typename":"HierarchyPathItem"}],"isGlobalFallback":null,"countryName":{"fi":"Alankomaat","__typename":"CountryName"}},{"id":"8711327374324","ean":"8711327374324","name":"Ben & Jerry's Jäätelöjälkiruoka Caramel Brownie Party 465 ML","price":8.25,"storeId":725782447,"__typename":"Product","approxPrice":false,"basicQuantityUnit":"KPL","comparisonPrice":17.74,"comparisonUnit":"LTR","consumerPackageSize":null,"consumerPackageUnit":null,"priceUnit":"KPL","quantityMultiplier":1,"brandName":"Ben & Jerry's","slug":"ben-and-jerrys-jaatelojalkiruoka-caramel-brownie-party-465-ml","isAgeLimitedByAlcohol":false,"frozen":true,"packagingLabels":["Rainforest alliance certified (Sammakko-merkki)"],"packagingLabelCodes":["RAINFOREST_ALLIANCE"],"hierarchyPath":[{"id":"1591691225905930","name":"Jäätelöpakkaukset","slug":"pakasteet-1/jaatelot/jaatelopakkaukset","__typename":"HierarchyPathItem"},{"id":"Herkku_00000130","name":"Jäätelöt","slug":"pakasteet-1/jaatelot","__typename":"HierarchyPathItem"},{"id":"Herkku_00000013","name":"Pakasteet","slug":"pakasteet-1","__typename":"HierarchyPathItem"}],"isGlobalFallback":null,"countryName":{"fi":"Alankomaat","__typename":"CountryName"}},{"id":"8711327380493","ean":"8711327380493","name":"Ingman Trio Jäätelö 1000ml/480g","price":3.55,"storeId":725782447,"__typename":"Product","approxPrice":false,"basicQuantityUnit":"KPL","comparisonPrice":3.55,"comparisonUnit":"LTR","consumerPackageSize":null,"consumerPackageUnit":null,"priceUnit":"KPL","quantityMultiplier":1,"brandName":"Ingman","slug":"ingman-trio-jaatelo-1000ml480g","isAgeLimitedByAlcohol":false,"frozen":true,"packagingLabels":[],"packagingLabelCodes":[],"hierarchyPath":[{"id":"1591691225905930","name":"Jäätelöpakkaukset","slug":"pakasteet-1/jaatelot/jaatelopakkaukset","__typename":"HierarchyPathItem"},{"id":"Herkku_00000130","name":"Jäätelöt","slug":"pakasteet-1/jaatelot","__typename":"HierarchyPathItem"},{"id":"Herkku_00000013","name":"Pakasteet","slug":"pakasteet-1","__typename":"HierarchyPathItem"}],"isGlobalFallback":null,"countryName":{"fi":"Suomi","__typename":"CountryName"}},{"id":"8711327383975","ean":"8711327383975","name":"Daim Original Jäätelö 150ml/93g","price":2.89,"storeId":725782447,"__typename":"Product","approxPrice":false,"basicQuantityUnit":"KPL","comparisonPrice":31.08,"comparisonUnit":"KGM","consumerPackageSize":null,"consumerPackageUnit":null,"priceUnit":"KPL","quantityMultiplier":1,"brandName":"Heartbrand","slug":"daim-original-jaatelo-150ml93g","isAgeLimitedByAlcohol":false,"frozen":true,"packagingLabels":[],"packagingLabelCodes":[],"hierarchyPath":[{"id":"1591691225905928","name":"Yksittäiset jäätelöt","slug":"pakasteet-1/jaatelot/yksittaiset-jaatelot","__typename":"HierarchyPathItem"},{"id":"Herkku_00000130","name":"Jäätelöt","slug":"pakasteet-1/jaatelot","__typename":"HierarchyPathItem"},{"id":"Herkku_00000013","name":"Pakasteet","slug":"pakasteet-1","__typename":"HierarchyPathItem"}],"isGlobalFallback":null,"countryName":{"fi":"Ruotsi","__typename":"CountryName"}},{"id":"8711327416192","ean":"8711327416192","name":"Knorr Snack Pot Bacon & Onion 51 g","price":1.99,"storeId":725782447,"__typename":"Product","approxPrice":false,"basicQuantityUnit":"KPL","comparisonPrice":39.02,"comparisonUnit":"KGM","consumerPackageSize":null,"consumerPackageUnit":null,"priceUnit":"KPL","quantityMultiplier":1,"brandName":"Knorr","slug":"knorr-snack-pot-bacon-and-onion-51-g","isAgeLimitedByAlcohol":false,"frozen":false,"packagingLabels":[],"packagingLabelCodes":[],"hierarchyPath":[{"id":"Herkku_00000467","name":"Valmiit ateriaratkaisut","slug":"kuivatuotteet-ja-leivonta-1/ateria-ainekset/valmiit-ateriaratkaisut","__typename":"HierarchyPathItem"},{"id":"Herkku_00000087","name":"Ateria-ainekset","slug":"kuivatuotteet-ja-leivonta-1/ateria-ainekset","__typename":"HierarchyPathItem"},{"id":"Herkku_00000007","name":"Kuivatuotteet ja leivonta","slug":"kuivatuotteet-ja-leivonta-1","__typename":"HierarchyPathItem"}],"isGlobalFallback":null,"countryName":{"fi":"Saksa","__typename":"CountryName"}},{"id":"8711327416215","ean":"8711327416215","name":"Knorr Carbonara Snack Pot Pastavälipala Pekonikuutioilla 63 g","price":1.99,"storeId":725782447,"__typename":"Product","approxPrice":false,"basicQuantityUnit":"KPL","comparisonPrice":31.59,"comparisonUnit":"KGM","consumerPackageSize":null,"consumerPackageUnit":null,"priceUnit":"KPL","quantityMultiplier":1,"brandName":"Knorr","slug":"knorr-carbonara-snack-pot-pastavalipala-pekonikuutioilla-63-g","isAgeLimitedByAlcohol":false,"frozen":false,"packagingLabels":[],"packagingLabelCodes":[],"hierarchyPath":[{"id":"Herkku_00000467","name":"Valmiit ateriaratkaisut","slug":"kuivatuotteet-ja-leivonta-1/ateria-ainekset/valmiit-ateriaratkaisut","__typename":"HierarchyPathItem"},{"id":"Herkku_00000087","name":"Ateria-ainekset","slug":"kuivatuotteet-ja-leivonta-1/ateria-ainekset","__typename":"HierarchyPathItem"},{"id":"Herkku_00000007","name":"Kuivatuotteet ja leivonta","slug":"kuivatuotteet-ja-leivonta-1","__typename":"HierarchyPathItem"}],"isGlobalFallback":null,"countryName":{"fi":"Saksa","__typename":"CountryName"}},{"id":"8711327480537","ean":"8711327480537","name":"Magnum  Double Gold Caramel Billionaire Jäätelö   85ml/71g","price":2.75,"storeId":725782447,"__typename":"Product","approxPrice":false,"basicQuantityUnit":"KPL","comparisonPrice":38.73,"comparisonUnit":"KGM","consumerPackageSize":null,"consumerPackageUnit":null,"priceUnit":"KPL","quantityMultiplier":1,"brandName":"Magnum","slug":"magnum-double-gold-caramel-billionaire-jaatelo-85ml71g","isAgeLimitedByAlcohol":false,"frozen":true,"packagingLabels":["Rainforest alliance certified (Sammakko-merkki)"],"packagingLabelCodes":["RAINFOREST_ALLIANCE"],"hierarchyPath":[{"id":"1591691225905928","name":"Yksittäiset jäätelöt","slug":"pakasteet-1/jaatelot/yksittaiset-jaatelot","__typename":"HierarchyPathItem"},{"id":"Herkku_00000130","name":"Jäätelöt","slug":"pakasteet-1/jaatelot","__typename":"HierarchyPathItem"},{"id":"Herkku_00000013","name":"Pakasteet","slug":"pakasteet-1","__typename":"HierarchyPathItem"}],"isGlobalFallback":null,"countryName":{"fi":"Saksa","__typename":"CountryName"}},{"id":"8711327482708","ean":"8711327482708","name":"Heartbrand Twister Limujää Peek a Blue 70 ML","price":1.09,"storeId":725782447,"__typename":"Product","approxPrice":false,"basicQuantityUnit":"KPL","comparisonPrice":15.14,"comparisonUnit":"KGM","consumerPackageSize":null,"consumerPackageUnit":null,"priceUnit":"KPL","quantityMultiplier":1,"brandName":"Heartbrand","slug":"heartbrand-twister-limujaa-peek-a-blue-70-ml","isAgeLimitedByAlcohol":false,"frozen":true,"packagingLabels":[],"packagingLabelCodes":[],"hierarchyPath":[{"id":"1591691225905928","name":"Yksittäiset jäätelöt","slug":"pakasteet-1/jaatelot/yksittaiset-jaatelot","__typename":"HierarchyPathItem"},{"id":"Herkku_00000130","name":"Jäätelöt","slug":"pakasteet-1/jaatelot","__typename":"HierarchyPathItem"},{"id":"Herkku_00000013","name":"Pakasteet","slug":"pakasteet-1","__typename":"HierarchyPathItem"}],"isGlobalFallback":null,"countryName":{"fi":"Puola","__typename":"CountryName"}},{"id":"8711327524071","ean":"8711327524071","name":"Kingis Jäätelöpakkaus Original 850ml/435g","price":4.69,"storeId":725782447,"__typename":"Product","approxPrice":false,"basicQuantityUnit":"KPL","comparisonPrice":5.52,"comparisonUnit":"LTR","consumerPackageSize":null,"consumerPackageUnit":null,"priceUnit":"KPL","quantityMultiplier":1,"brandName":"Kingis","slug":"kingis-jaatelopakkaus-original-850ml435g","isAgeLimitedByAlcohol":false,"frozen":true,"packagingLabels":[],"packagingLabelCodes":[],"hierarchyPath":[{"id":"1591691225905930","name":"Jäätelöpakkaukset","slug":"pakasteet-1/jaatelot/jaatelopakkaukset","__typename":"HierarchyPathItem"},{"id":"Herkku_00000130","name":"Jäätelöt","slug":"pakasteet-1/jaatelot","__typename":"HierarchyPathItem"},{"id":"Herkku_00000013","name":"Pakasteet","slug":"pakasteet-1","__typename":"HierarchyPathItem"}],"isGlobalFallback":null,"countryName":{"fi":"Suomi","__typename":"CountryName"}},{"id":"8711327525696","ean":"8711327525696","name":"Lipton  Tee  Joulukalenteri  78g 48p","price":5.48,"storeId":725782447,"__typename":"Product","approxPrice":false,"basicQuantityUnit":"KPL","comparisonPrice":70.26,"comparisonUnit":"KGM","consumerPackageSize":null,"consumerPackageUnit":null,"priceUnit":"KPL","quantityMultiplier":1,"brandName":"Lipton","slug":"lipton-tee-joulukalenteri-78g-48p","isAgeLimitedByAlcohol":false,"frozen":false,"packagingLabels":["Rainforest alliance certified (Sammakko-merkki)"],"packagingLabelCodes":["RAINFOREST_ALLIANCE"],"hierarchyPath":[{"id":"1591691224561860","name":"Kausijuomat","slug":"juomat-1/kausijuomat","__typename":"HierarchyPathItem"},{"id":"Herkku_00000005","name":"Juomat","slug":"juomat-1","__typename":"HierarchyPathItem"}],"isGlobalFallback":null,"countryName":{"fi":"Puola","__typename":"CountryName"}},{"id":"8711327531772","ean":"8711327531772","name":"Jättis Jäätelötuutti Vanilja 195ml/96g","price":2.89,"storeId":725782447,"__typename":"Product","approxPrice":false,"basicQuantityUnit":"KPL","comparisonPrice":30.1,"comparisonUnit":"KGM","consumerPackageSize":null,"consumerPackageUnit":null,"priceUnit":"KPL","quantityMultiplier":1,"brandName":"Jättis","slug":"jattis-jaatelotuutti-vanilja-195ml96g","isAgeLimitedByAlcohol":false,"frozen":true,"packagingLabels":[],"packagingLabelCodes":[],"hierarchyPath":[{"id":"1591691225905928","name":"Yksittäiset jäätelöt","slug":"pakasteet-1/jaatelot/yksittaiset-jaatelot","__typename":"HierarchyPathItem"},{"id":"Herkku_00000130","name":"Jäätelöt","slug":"pakasteet-1/jaatelot","__typename":"HierarchyPathItem"},{"id":"Herkku_00000013","name":"Pakasteet","slug":"pakasteet-1","__typename":"HierarchyPathItem"}],"isGlobalFallback":null,"countryName":{"fi":"Suomi","__typename":"CountryName"}},{"id":"8711327534551","ean":"8711327534551","name":"Ingman Creamy Jäätelöpakkaus Englantilainen lakritsi 850ml/456g","price":4.69,"storeId":725782447,"__typename":"Product","approxPrice":false,"basicQuantityUnit":"KPL","comparisonPrice":5.52,"comparisonUnit":"LTR","consumerPackageSize":null,"consumerPackageUnit":null,"priceUnit":"KPL","quantityMultiplier":1,"brandName":"Ingman","slug":"ingman-creamy-jaatelopakkaus-englantilainen-lakritsi-850ml456g","isAgeLimitedByAlcohol":false,"frozen":true,"packagingLabels":[],"packagingLabelCodes":[],"hierarchyPath":[{"id":"1591691225905930","name":"Jäätelöpakkaukset","slug":"pakasteet-1/jaatelot/jaatelopakkaukset","__typename":"HierarchyPathItem"},{"id":"Herkku_00000130","name":"Jäätelöt","slug":"pakasteet-1/jaatelot","__typename":"HierarchyPathItem"},{"id":"Herkku_00000013","name":"Pakasteet","slug":"pakasteet-1","__typename":"HierarchyPathItem"}],"isGlobalFallback":null,"countryName":{"fi":"Suomi","__typename":"CountryName"}},{"id":"8711327534605","ean":"8711327534605","name":"Ingman Creamy Jäätelöpakkaus Mudcake 850ml/448g","price":4.69,"storeId":725782447,"__typename":"Product","approxPrice":false,"basicQuantityUnit":"KPL","comparisonPrice":5.52,"comparisonUnit":"LTR","consumerPackageSize":null,"consumerPackageUnit":null,"priceUnit":"KPL","quantityMultiplier":1,"brandName":"Ingman","slug":"ingman-creamy-jaatelopakkaus-mudcake-850ml448g","isAgeLimitedByAlcohol":false,"frozen":true,"packagingLabels":[],"packagingLabelCodes":[],"hierarchyPath":[{"id":"1591691225905930","name":"Jäätelöpakkaukset","slug":"pakasteet-1/jaatelot/jaatelopakkaukset","__typename":"HierarchyPathItem"},{"id":"Herkku_00000130","name":"Jäätelöt","slug":"pakasteet-1/jaatelot","__typename":"HierarchyPathItem"},{"id":"Herkku_00000013","name":"Pakasteet","slug":"pakasteet-1","__typename":"HierarchyPathItem"}],"isGlobalFallback":null,"countryName":{"fi":"Suomi","__typename":"CountryName"}},{"id":"8711327534704","ean":"8711327534704","name":"Ingman Jäätelöpakkaus Rocky Road 850ml/466g","price":4.69,"storeId":725782447,"__typename":"Product","approxPrice":false,"basicQuantityUnit":"KPL","comparisonPrice":5.52,"comparisonUnit":"LTR","consumerPackageSize":null,"consumerPackageUnit":null,"priceUnit":"KPL","quantityMultiplier":1,"brandName":"Ingman","slug":"ingman-jaatelopakkaus-rocky-road-850ml466g","isAgeLimitedByAlcohol":false,"frozen":true,"packagingLabels":[],"packagingLabelCodes":[],"hierarchyPath":[{"id":"1591691225905930","name":"Jäätelöpakkaukset","slug":"pakasteet-1/jaatelot/jaatelopakkaukset","__typename":"HierarchyPathItem"},{"id":"Herkku_00000130","name":"Jäätelöt","slug":"pakasteet-1/jaatelot","__typename":"HierarchyPathItem"},{"id":"Herkku_00000013","name":"Pakasteet","slug":"pakasteet-1","__typename":"HierarchyPathItem"}],"isGlobalFallback":null,"countryName":{"fi":"Suomi","__typename":"CountryName"}},{"id":"8711327536791","ean":"8711327536791","name":"Ingman Jäätelöpakkaus Solero 900ml/530g","price":4.69,"storeId":725782447,"__typename":"Product","approxPrice":false,"basicQuantityUnit":"KPL","comparisonPrice":5.21,"comparisonUnit":"LTR","consumerPackageSize":null,"consumerPackageUnit":null,"priceUnit":"KPL","quantityMultiplier":1,"brandName":"Ingman","slug":"ingman-jaatelopakkaus-solero-900ml530g","isAgeLimitedByAlcohol":false,"frozen":true,"packagingLabels":[],"packagingLabelCodes":[],"hierarchyPath":[{"id":"1591691225905930","name":"Jäätelöpakkaukset","slug":"pakasteet-1/jaatelot/jaatelopakkaukset","__typename":"HierarchyPathItem"},{"id":"Herkku_00000130","name":"Jäätelöt","slug":"pakasteet-1/jaatelot","__typename":"HierarchyPathItem"},{"id":"Herkku_00000013","name":"Pakasteet","slug":"pakasteet-1","__typename":"HierarchyPathItem"}],"isGlobalFallback":null,"countryName":{"fi":"Ranska","__typename":"CountryName"}},{"id":"8711327539624","ean":"8711327539624","name":"Ben & Jerry's pint-jäätelö Sundae Cookie Vermont-ster 427ml/324g","price":8.39,"storeId":725782447,"__typename":"Product","approxPrice":false,"basicQuantityUnit":"KPL","comparisonPrice":19.65,"comparisonUnit":"LTR","consumerPackageSize":null,"consumerPackageUnit":null,"priceUnit":"KPL","quantityMultiplier":1,"brandName":"Ben & Jerry's","slug":"ben-and-jerrys-pint-jaatelo-sundae-cookie-vermont-ster-427ml324g","isAgeLimitedByAlcohol":false,"frozen":true,"packagingLabels":[],"packagingLabelCodes":[],"hierarchyPath":[{"id":"1591691225905930","name":"Jäätelöpakkaukset","slug":"pakasteet-1/jaatelot/jaatelopakkaukset","__typename":"HierarchyPathItem"},{"id":"Herkku_00000130","name":"Jäätelöt","slug":"pakasteet-1/jaatelot","__typename":"HierarchyPathItem"},{"id":"Herkku_00000013","name":"Pakasteet","slug":"pakasteet-1","__typename":"HierarchyPathItem"}],"isGlobalFallback":null,"countryName":{"fi":"Alankomaat","__typename":"CountryName"}},{"id":"8711327540040","ean":"8711327540040","name":"Marvel Jäätelö Spiderman 900ml/505g","price":4.69,"storeId":725782447,"__typename":"Product","approxPrice":false,"basicQuantityUnit":"KPL","comparisonPrice":5.21,"comparisonUnit":"LTR","consumerPackageSize":null,"consumerPackageUnit":null,"priceUnit":"KPL","quantityMultiplier":1,"brandName":"Marvel","slug":"marvel-jaatelo-spiderman-900ml505g","isAgeLimitedByAlcohol":false,"frozen":true,"packagingLabels":[],"packagingLabelCodes":[],"hierarchyPath":[{"id":"1591691225905930","name":"Jäätelöpakkaukset","slug":"pakasteet-1/jaatelot/jaatelopakkaukset","__typename":"HierarchyPathItem"},{"id":"Herkku_00000130","name":"Jäätelöt","slug":"pakasteet-1/jaatelot","__typename":"HierarchyPathItem"},{"id":"Herkku_00000013","name":"Pakasteet","slug":"pakasteet-1","__typename":"HierarchyPathItem"}],"isGlobalFallback":null,"countryName":{"fi":"Ranska","__typename":"CountryName"}},{"id":"8711327542525","ean":"8711327542525","name":"Jättis Jäätelötuutti Yeti 195ml/96g","price":2.89,"storeId":725782447,"__typename":"Product","approxPrice":false,"basicQuantityUnit":"KPL","comparisonPrice":30.1,"comparisonUnit":"KGM","consumerPackageSize":null,"consumerPackageUnit":null,"priceUnit":"KPL","quantityMultiplier":1,"brandName":"Jättis","slug":"jattis-jaatelotuutti-yeti-195ml96g","isAgeLimitedByAlcohol":false,"frozen":true,"packagingLabels":[],"packagingLabelCodes":[],"hierarchyPath":[{"id":"1591691225905928","name":"Yksittäiset jäätelöt","slug":"pakasteet-1/jaatelot/yksittaiset-jaatelot","__typename":"HierarchyPathItem"},{"id":"Herkku_00000130","name":"Jäätelöt","slug":"pakasteet-1/jaatelot","__typename":"HierarchyPathItem"},{"id":"Herkku_00000013","name":"Pakasteet","slug":"pakasteet-1","__typename":"HierarchyPathItem"}],"isGlobalFallback":null,"countryName":{"fi":"Suomi","__typename":"CountryName"}},{"id":"8711327543782","ean":"8711327543782","name":"Jättis Jäätelötuutti Bestis Orginal 150 ML/91g","price":2.79,"storeId":725782447,"__typename":"Product","approxPrice":false,"basicQuantityUnit":"KPL","comparisonPrice":30.66,"comparisonUnit":"KGM","consumerPackageSize":null,"consumerPackageUnit":null,"priceUnit":"KPL","quantityMultiplier":1,"brandName":"Jättis","slug":"jattis-jaatelotuutti-bestis-orginal-150-ml91g","isAgeLimitedByAlcohol":false,"frozen":true,"packagingLabels":[],"packagingLabelCodes":[],"hierarchyPath":[{"id":"1591691225905928","name":"Yksittäiset jäätelöt","slug":"pakasteet-1/jaatelot/yksittaiset-jaatelot","__typename":"HierarchyPathItem"},{"id":"Herkku_00000130","name":"Jäätelöt","slug":"pakasteet-1/jaatelot","__typename":"HierarchyPathItem"},{"id":"Herkku_00000013","name":"Pakasteet","slug":"pakasteet-1","__typename":"HierarchyPathItem"}],"isGlobalFallback":null,"countryName":{"fi":"Ruotsi","__typename":"CountryName"}},{"id":"8711327544086","ean":"8711327544086","name":"Jättis Monipakkaus Bestis Mini Classic 6x84ml/306g","price":4.95,"storeId":725782447,"__typename":"Product","approxPrice":false,"basicQuantityUnit":"KPL","comparisonPrice":16.18,"comparisonUnit":"KGM","consumerPackageSize":null,"consumerPackageUnit":null,"priceUnit":"KPL","quantityMultiplier":1,"brandName":"Jättis","slug":"jattis-monipakkaus-bestis-mini-classic-6x84ml306g","isAgeLimitedByAlcohol":false,"frozen":true,"packagingLabels":[],"packagingLabelCodes":[],"hierarchyPath":[{"id":"1591691225905930","name":"Jäätelöpakkaukset","slug":"pakasteet-1/jaatelot/jaatelopakkaukset","__typename":"HierarchyPathItem"},{"id":"Herkku_00000130","name":"Jäätelöt","slug":"pakasteet-1/jaatelot","__typename":"HierarchyPathItem"},{"id":"Herkku_00000013","name":"Pakasteet","slug":"pakasteet-1","__typename":"HierarchyPathItem"}],"isGlobalFallback":null,"countryName":{"fi":"Ruotsi","__typename":"CountryName"}},{"id":"8711327572836","ean":"8711327572836","name":"Ben & Jerry's pint-jäätelö Chocolatey Love A-Fair Caramel Sea Salt 465ml/402g","price":8.39,"storeId":725782447,"__typename":"Product","approxPrice":false,"basicQuantityUnit":"KPL","comparisonPrice":18.04,"comparisonUnit":"LTR","consumerPackageSize":null,"consumerPackageUnit":null,"priceUnit":"KPL","quantityMultiplier":1,"brandName":"Ben & Jerry's","slug":"ben-and-jerrys-pint-jaatelo-chocolatey-love-a-fair-caramel-sea-salt-465ml402g","isAgeLimitedByAlcohol":false,"frozen":true,"packagingLabels":["Reilu Kauppa"],"packagingLabelCodes":["FAIR_TRADE_MARK"],"hierarchyPath":[{"id":"1591691225905930","name":"Jäätelöpakkaukset","slug":"pakasteet-1/jaatelot/jaatelopakkaukset","__typename":"HierarchyPathItem"},{"id":"Herkku_00000130","name":"Jäätelöt","slug":"pakasteet-1/jaatelot","__typename":"HierarchyPathItem"},{"id":"Herkku_00000013","name":"Pakasteet","slug":"pakasteet-1","__typename":"HierarchyPathItem"}],"isGlobalFallback":null,"countryName":{"fi":"Alankomaat","__typename":"CountryName"}},{"id":"8711500622624","ean":"8711500622624","name":"TL-D 18W/827 1PP","price":4.95,"storeId":725782447,"__typename":"Product","approxPrice":false,"basicQuantityUnit":"KPL","comparisonPrice":4.95,"comparisonUnit":"PCE","consumerPackageSize":null,"consumerPackageUnit":null,"priceUnit":"KPL","quantityMultiplier":1,"brandName":"Philips","slug":"tl-d-18w827-1pp","isAgeLimitedByAlcohol":false,"frozen":false,"packagingLabels":[],"packagingLabelCodes":[],"hierarchyPath":null,"isGlobalFallback":null,"countryName":{"fi":"Alankomaat","__typename":"CountryName"}},{"id":"8711600786226","ean":"8711600786226","name":"Dove Go Fresh Pomegranate Antiperspirantti Deodorantti Spray 48 h suoja Hellävarainen iholle 150 ml","price":4.55,"storeId":725782447,"__typename":"Product","approxPrice":false,"basicQuantityUnit":"KPL","comparisonPrice":30.33,"comparisonUnit":"LTR","consumerPackageSize":null,"consumerPackageUnit":null,"priceUnit":"KPL","quantityMultiplier":1,"brandName":"Dove","slug":"dove-go-fresh-pomegranate-antiperspirantti-deodorantti-spray-48-h-suoja-hellavarainen-iholle-150-ml","isAgeLimitedByAlcohol":false,"frozen":false,"packagingLabels":[],"packagingLabelCodes":[],"hierarchyPath":[{"id":"1591691233467953","name":"Naisten deodorantit","slug":"kosmetiikka-ja-hygienia/deodorantit-ja-tuoksut/naisten-deodorantit","__typename":"HierarchyPathItem"},{"id":"1591691233467944","name":"Deodorantit ja tuoksut","slug":"kosmetiikka-ja-hygienia/deodorantit-ja-tuoksut","__typename":"HierarchyPathItem"},{"id":"1591691233334707","name":"Kosmetiikka ja hygienia","slug":"kosmetiikka-ja-hygienia","__typename":"HierarchyPathItem"}],"isGlobalFallback":null,"countryName":{"fi":"Iso-Britannia","__typename":"CountryName"}},{"id":"8711900010311","ean":"8711900010311","name":"Megaforce energiajuoma 0,5l","price":1.5499999999999998,"storeId":725782447,"__typename":"Product","approxPrice":false,"basicQuantityUnit":"KPL","comparisonPrice":2.8,"comparisonUnit":"LTR","consumerPackageSize":null,"consumerPackageUnit":null,"priceUnit":"KPL","quantityMultiplier":1,"brandName":"Megaforce","slug":"megaforce-energiajuoma-0-5l","isAgeLimitedByAlcohol":false,"frozen":false,"packagingLabels":[],"packagingLabelCodes":[],"hierarchyPath":[{"id":"1591691224561835","name":"Energiajuomat","slug":"juomat-1/energiajuomat-ja-urheilujuomat/energiajuomat","__typename":"HierarchyPathItem"},{"id":"1591691224561833","name":"Energiajuomat ja urheilujuomat","slug":"juomat-1/energiajuomat-ja-urheilujuomat","__typename":"HierarchyPathItem"},{"id":"Herkku_00000005","name":"Juomat","slug":"juomat-1","__typename":"HierarchyPathItem"}],"isGlobalFallback":null,"countryName":{"fi":"Alankomaat","__typename":"CountryName"}},{"id":"8711900013978","ean":"8711900013978","name":"Mega force sugarfree energy drink energiajuoma 0,5l","price":1.5499999999999998,"storeId":725782447,"__typename":"Product","approxPrice":false,"basicQuantityUnit":"KPL","comparisonPrice":2.8,"comparisonUnit":"LTR","consumerPackageSize":null,"consumerPackageUnit":null,"priceUnit":"KPL","quantityMultiplier":1,"brandName":"Megaforce","slug":"mega-force-sugarfree-energy-drink-energiajuoma-0-5l","isAgeLimitedByAlcohol":false,"frozen":false,"packagingLabels":[],"packagingLabelCodes":[],"hierarchyPath":[{"id":"1591691224561835","name":"Energiajuomat","slug":"juomat-1/energiajuomat-ja-urheilujuomat/energiajuomat","__typename":"HierarchyPathItem"},{"id":"1591691224561833","name":"Energiajuomat ja urheilujuomat","slug":"juomat-1/energiajuomat-ja-urheilujuomat","__typename":"HierarchyPathItem"},{"id":"Herkku_00000005","name":"Juomat","slug":"juomat-1","__typename":"HierarchyPathItem"}],"isGlobalFallback":null,"countryName":{"fi":"Alankomaat","__typename":"CountryName"}},{"id":"8711900021010","ean":"8711900021010","name":"Cessibon 250g spraykermavaahto","price":2.19,"storeId":725782447,"__typename":"Product","approxPrice":false,"basicQuantityUnit":"KPL","comparisonPrice":8.76,"comparisonUnit":"KGM","consumerPackageSize":null,"consumerPackageUnit":null,"priceUnit":"KPL","quantityMultiplier":1,"brandName":"Cessibon","slug":"cessibon-250g-spraykermavaahto","isAgeLimitedByAlcohol":false,"frozen":false,"packagingLabels":[],"packagingLabelCodes":[],"hierarchyPath":[{"id":"1591691235643740","name":"Vispikermat","slug":"maito-munat-ja-rasvat-0/kermat/vispikermat","__typename":"HierarchyPathItem"},{"id":"1591691235643733","name":"Kermat","slug":"maito-munat-ja-rasvat-0/kermat","__typename":"HierarchyPathItem"},{"id":"Herkku_00000006","name":"Maito, munat ja rasvat","slug":"maito-munat-ja-rasvat-0","__typename":"HierarchyPathItem"}],"isGlobalFallback":null,"countryName":{"fi":"Alankomaat","__typename":"CountryName"}},{"id":"8712100836169","ean":"8712100836169","name":"Magnum Classic Jäätelö 110ml/79g","price":2.35,"storeId":725782447,"__typename":"Product","approxPrice":false,"basicQuantityUnit":"KPL","comparisonPrice":27.33,"comparisonUnit":"KGM","consumerPackageSize":null,"consumerPackageUnit":null,"priceUnit":"KPL","quantityMultiplier":1,"brandName":"Magnum","slug":"magnum-classic-jaatelo-110ml79g","isAgeLimitedByAlcohol":false,"frozen":true,"packagingLabels":["Rainforest alliance certified (Sammakko-merkki)"],"packagingLabelCodes":["RAINFOREST_ALLIANCE"],"hierarchyPath":[{"id":"1591691225905928","name":"Yksittäiset jäätelöt","slug":"pakasteet-1/jaatelot/yksittaiset-jaatelot","__typename":"HierarchyPathItem"},{"id":"Herkku_00000130","name":"Jäätelöt","slug":"pakasteet-1/jaatelot","__typename":"HierarchyPathItem"},{"id":"Herkku_00000013","name":"Pakasteet","slug":"pakasteet-1","__typename":"HierarchyPathItem"}],"isGlobalFallback":null,"countryName":{"fi":"Saksa","__typename":"CountryName"}},{"id":"8712100836275","ean":"8712100836275","name":"Magnum  White Chocolate Jäätelö   110ml/79g","price":2.35,"storeId":725782447,"__typename":"Product","approxPrice":false,"basicQuantityUnit":"KPL","comparisonPrice":29.75,"comparisonUnit":"KGM","consumerPackageSize":null,"consumerPackageUnit":null,"priceUnit":"KPL","quantityMultiplier":1,"brandName":"Magnum","slug":"magnum-white-chocolate-jaatelo-110ml79g","isAgeLimitedByAlcohol":false,"frozen":true,"packagingLabels":[],"packagingLabelCodes":[],"hierarchyPath":[{"id":"1591691225905928","name":"Yksittäiset jäätelöt","slug":"pakasteet-1/jaatelot/yksittaiset-jaatelot","__typename":"HierarchyPathItem"},{"id":"Herkku_00000130","name":"Jäätelöt","slug":"pakasteet-1/jaatelot","__typename":"HierarchyPathItem"},{"id":"Herkku_00000013","name":"Pakasteet","slug":"pakasteet-1","__typename":"HierarchyPathItem"}],"isGlobalFallback":null,"countryName":{"fi":"Portugali","__typename":"CountryName"}},{"id":"8712100889233","ean":"8712100889233","name":"Solero Exotic Jäätelö 90ml/68g","price":2.09,"storeId":725782447,"__typename":"Product","approxPrice":false,"basicQuantityUnit":"KPL","comparisonPrice":26.46,"comparisonUnit":"KGM","consumerPackageSize":null,"consumerPackageUnit":null,"priceUnit":"KPL","quantityMultiplier":1,"brandName":"Solero","slug":"solero-exotic-jaatelo-90ml68g","isAgeLimitedByAlcohol":false,"frozen":true,"packagingLabels":[],"packagingLabelCodes":[],"hierarchyPath":[{"id":"1591691225905928","name":"Yksittäiset jäätelöt","slug":"pakasteet-1/jaatelot/yksittaiset-jaatelot","__typename":"HierarchyPathItem"},{"id":"Herkku_00000130","name":"Jäätelöt","slug":"pakasteet-1/jaatelot","__typename":"HierarchyPathItem"},{"id":"Herkku_00000013","name":"Pakasteet","slug":"pakasteet-1","__typename":"HierarchyPathItem"}],"isGlobalFallback":null,"countryName":{"fi":"Iso-Britannia","__typename":"CountryName"}},{"id":"8712566121397","ean":"8712566121397","name":"Knorr Fond \"du Chef\" Naudanliha-annosfondi 4x28g","price":2.25,"storeId":725782447,"__typename":"Product","approxPrice":false,"basicQuantityUnit":"KPL","comparisonPrice":20.09,"comparisonUnit":"KGM","consumerPackageSize":null,"consumerPackageUnit":null,"priceUnit":"KPL","quantityMultiplier":1,"brandName":"Knorr","slug":"knorr-fond-du-chef-naudanliha-annosfondi-4x28g","isAgeLimitedByAlcohol":false,"frozen":false,"packagingLabels":[],"packagingLabelCodes":[],"hierarchyPath":[{"id":"Herkku_00000411","name":"Lihaliemet","slug":"oljyt-mausteet-maustaminen-1/liemivalmisteet-ja-fondit/lihaliemet","__typename":"HierarchyPathItem"},{"id":"Herkku_00000074","name":"Liemivalmisteet ja fondit","slug":"oljyt-mausteet-maustaminen-1/liemivalmisteet-ja-fondit","__typename":"HierarchyPathItem"},{"id":"Herkku_00000011","name":"Öljyt, mausteet, maustaminen","slug":"oljyt-mausteet-maustaminen-1","__typename":"HierarchyPathItem"}],"isGlobalFallback":null,"countryName":{"fi":"Italia","__typename":"CountryName"}},{"id":"8712566121496","ean":"8712566121496","name":"Knorr Fond \"du Chef\" Kasvisannosfondi 4x28g","price":2.25,"storeId":725782447,"__typename":"Product","approxPrice":false,"basicQuantityUnit":"KPL","comparisonPrice":20.09,"comparisonUnit":"KGM","consumerPackageSize":null,"consumerPackageUnit":null,"priceUnit":"KPL","quantityMultiplier":1,"brandName":"Knorr","slug":"knorr-fond-du-chef-kasvisannosfondi-4x28g","isAgeLimitedByAlcohol":false,"frozen":false,"packagingLabels":[],"packagingLabelCodes":[],"hierarchyPath":[{"id":"Herkku_00000408","name":"Kasvisliemet","slug":"oljyt-mausteet-maustaminen-1/liemivalmisteet-ja-fondit/kasvisliemet","__typename":"HierarchyPathItem"},{"id":"Herkku_00000074","name":"Liemivalmisteet ja fondit","slug":"oljyt-mausteet-maustaminen-1/liemivalmisteet-ja-fondit","__typename":"HierarchyPathItem"},{"id":"Herkku_00000011","name":"Öljyt, mausteet, maustaminen","slug":"oljyt-mausteet-maustaminen-1","__typename":"HierarchyPathItem"}],"isGlobalFallback":null,"countryName":{"fi":"Italia","__typename":"CountryName"}},{"id":"8712566319206","ean":"8712566319206","name":"Knorr Aromat sirotin Maustesuola Ei lisättyä sokeria 100 % luonnollisia ainesosia 90 g","price":1.89,"storeId":725782447,"__typename":"Product","approxPrice":false,"basicQuantityUnit":"KPL","comparisonPrice":21,"comparisonUnit":"KGM","consumerPackageSize":null,"consumerPackageUnit":null,"priceUnit":"KPL","quantityMultiplier":1,"brandName":"Knorr","slug":"knorr-aromat-sirotin-maustesuola-ei-lisattya-sokeria-100-luonnollisia-ainesosia-90-g","isAgeLimitedByAlcohol":false,"frozen":false,"packagingLabels":[],"packagingLabelCodes":[],"hierarchyPath":[{"id":"Herkku_00000437","name":"Muut suolat","slug":"oljyt-mausteet-maustaminen-1/suolat/muut-suolat","__typename":"HierarchyPathItem"},{"id":"Herkku_00000080","name":"Suolat","slug":"oljyt-mausteet-maustaminen-1/suolat","__typename":"HierarchyPathItem"},{"id":"Herkku_00000011","name":"Öljyt, mausteet, maustaminen","slug":"oljyt-mausteet-maustaminen-1","__typename":"HierarchyPathItem"}],"isGlobalFallback":null,"countryName":{"fi":"Sveitsi","__typename":"CountryName"}},{"id":"8712566371259","ean":"8712566371259","name":"Knorr Täyteläinen kasvissosekeitto Keitto 500 ml","price":3.65,"storeId":725782447,"__typename":"Product","approxPrice":false,"basicQuantityUnit":"KPL","comparisonPrice":7.3,"comparisonUnit":"LTR","consumerPackageSize":null,"consumerPackageUnit":null,"priceUnit":"KPL","quantityMultiplier":1,"brandName":"Knorr","slug":"knorr-taytelainen-kasvissosekeitto-keitto-500-ml","isAgeLimitedByAlcohol":false,"frozen":false,"packagingLabels":["V Label Vegetarian"],"packagingLabelCodes":["EUROPEAN_V_LABEL_VEGETARIAN"],"hierarchyPath":[{"id":"Herkku_00000474","name":"Valmiit keitot","slug":"kuivatuotteet-ja-leivonta-1/ateria-ainekset/valmiit-keitot","__typename":"HierarchyPathItem"},{"id":"Herkku_00000087","name":"Ateria-ainekset","slug":"kuivatuotteet-ja-leivonta-1/ateria-ainekset","__typename":"HierarchyPathItem"},{"id":"Herkku_00000007","name":"Kuivatuotteet ja leivonta","slug":"kuivatuotteet-ja-leivonta-1","__typename":"HierarchyPathItem"}],"isGlobalFallback":null,"countryName":{"fi":"Ranska","__typename":"CountryName"}},{"id":"8714100636039","ean":"8714100636039","name":"Magnum Mini Classic/Almond/White Jäätelö Monipakkaus 550ml/442g 10kpl","price":7.15,"storeId":725782447,"__typename":"Product","approxPrice":false,"basicQuantityUnit":"KPL","comparisonPrice":16.14,"comparisonUnit":"KGM","consumerPackageSize":null,"consumerPackageUnit":null,"priceUnit":"KPL","quantityMultiplier":1,"brandName":"Magnum","slug":"magnum-mini-classicalmondwhite-jaatelo-monipakkaus-550ml442g-10kpl","isAgeLimitedByAlcohol":false,"frozen":true,"packagingLabels":["Rainforest alliance certified (Sammakko-merkki)"],"packagingLabelCodes":["RAINFOREST_ALLIANCE"],"hierarchyPath":[{"id":"1591691225905930","name":"Jäätelöpakkaukset","slug":"pakasteet-1/jaatelot/jaatelopakkaukset","__typename":"HierarchyPathItem"},{"id":"Herkku_00000130","name":"Jäätelöt","slug":"pakasteet-1/jaatelot","__typename":"HierarchyPathItem"},{"id":"Herkku_00000013","name":"Pakasteet","slug":"pakasteet-1","__typename":"HierarchyPathItem"}],"isGlobalFallback":null,"countryName":{"fi":"Saksa","__typename":"CountryName"}},{"id":"8714100658277","ean":"8714100658277","name":"Magnum Vegan Almond Jäätelö 90ml/72g","price":2.35,"storeId":725782447,"__typename":"Product","approxPrice":false,"basicQuantityUnit":"KPL","comparisonPrice":32.64,"comparisonUnit":"KGM","consumerPackageSize":null,"consumerPackageUnit":null,"priceUnit":"KPL","quantityMultiplier":1,"brandName":"Magnum","slug":"magnum-vegan-almond-jaatelo-90ml72g","isAgeLimitedByAlcohol":false,"frozen":true,"packagingLabels":["Rainforest alliance certified (Sammakko-merkki)"," V Label Vegan"],"packagingLabelCodes":["EUROPEAN_V_LABEL_VEGAN"," RAINFOREST_ALLIANCE"],"hierarchyPath":[{"id":"1591691225905928","name":"Yksittäiset jäätelöt","slug":"pakasteet-1/jaatelot/yksittaiset-jaatelot","__typename":"HierarchyPathItem"},{"id":"Herkku_00000130","name":"Jäätelöt","slug":"pakasteet-1/jaatelot","__typename":"HierarchyPathItem"},{"id":"Herkku_00000013","name":"Pakasteet","slug":"pakasteet-1","__typename":"HierarchyPathItem"}],"isGlobalFallback":null,"countryName":{"fi":"Italia","__typename":"CountryName"}},{"id":"8714100671504","ean":"8714100671504","name":"Knorr Snack Pot Napoli 69 g","price":1.99,"storeId":725782447,"__typename":"Product","approxPrice":false,"basicQuantityUnit":"KPL","comparisonPrice":28.84,"comparisonUnit":"KGM","consumerPackageSize":null,"consumerPackageUnit":null,"priceUnit":"KPL","quantityMultiplier":1,"brandName":"Knorr","slug":"knorr-snack-pot-napoli-69-g","isAgeLimitedByAlcohol":false,"frozen":false,"packagingLabels":["V Label Vegetarian"],"packagingLabelCodes":["EUROPEAN_V_LABEL_VEGETARIAN"],"hierarchyPath":[{"id":"Herkku_00000467","name":"Valmiit ateriaratkaisut","slug":"kuivatuotteet-ja-leivonta-1/ateria-ainekset/valmiit-ateriaratkaisut","__typename":"HierarchyPathItem"},{"id":"Herkku_00000087","name":"Ateria-ainekset","slug":"kuivatuotteet-ja-leivonta-1/ateria-ainekset","__typename":"HierarchyPathItem"},{"id":"Herkku_00000007","name":"Kuivatuotteet ja leivonta","slug":"kuivatuotteet-ja-leivonta-1","__typename":"HierarchyPathItem"}],"isGlobalFallback":null,"countryName":{"fi":"Saksa","__typename":"CountryName"}},{"id":"8714100695746","ean":"8714100695746","name":"Knorr Hollandaise Kastike Ei lisättyä sokeria Helppo valmistaa 300 ml","price":2.75,"storeId":725782447,"__typename":"Product","approxPrice":false,"basicQuantityUnit":"KPL","comparisonPrice":9.17,"comparisonUnit":"LTR","consumerPackageSize":null,"consumerPackageUnit":null,"priceUnit":"KPL","quantityMultiplier":1,"brandName":"Knorr","slug":"knorr-hollandaise-kastike-ei-lisattya-sokeria-helppo-valmistaa-300-ml","isAgeLimitedByAlcohol":false,"frozen":false,"packagingLabels":[],"packagingLabelCodes":[],"hierarchyPath":[{"id":"Herkku_00000453","name":"Kastikeainekset","slug":"oljyt-mausteet-maustaminen-1/maustekastikkeet-ja-tahnat/kastikeainekset","__typename":"HierarchyPathItem"},{"id":"Herkku_00000078","name":"Maustekastikkeet ja tahnat","slug":"oljyt-mausteet-maustaminen-1/maustekastikkeet-ja-tahnat","__typename":"HierarchyPathItem"},{"id":"Herkku_00000011","name":"Öljyt, mausteet, maustaminen","slug":"oljyt-mausteet-maustaminen-1","__typename":"HierarchyPathItem"}],"isGlobalFallback":null,"countryName":{"fi":"Italia","__typename":"CountryName"}},{"id":"8714100695814","ean":"8714100695814","name":"Knorr Kastike Pippuri 300 ml","price":2.75,"storeId":725782447,"__typename":"Product","approxPrice":false,"basicQuantityUnit":"KPL","comparisonPrice":9.17,"comparisonUnit":"LTR","consumerPackageSize":null,"consumerPackageUnit":null,"priceUnit":"KPL","quantityMultiplier":1,"brandName":"Knorr","slug":"knorr-kastike-pippuri-300-ml","isAgeLimitedByAlcohol":false,"frozen":false,"packagingLabels":[],"packagingLabelCodes":[],"hierarchyPath":[{"id":"Herkku_00000453","name":"Kastikeainekset","slug":"oljyt-mausteet-maustaminen-1/maustekastikkeet-ja-tahnat/kastikeainekset","__typename":"HierarchyPathItem"},{"id":"Herkku_00000078","name":"Maustekastikkeet ja tahnat","slug":"oljyt-mausteet-maustaminen-1/maustekastikkeet-ja-tahnat","__typename":"HierarchyPathItem"},{"id":"Herkku_00000011","name":"Öljyt, mausteet, maustaminen","slug":"oljyt-mausteet-maustaminen-1","__typename":"HierarchyPathItem"}],"isGlobalFallback":null,"countryName":{"fi":"Ranska","__typename":"CountryName"}},{"id":"8714100783498","ean":"8714100783498","name":"Knorr Kasvis Liemikuutio Ei lisättyä sokeria Ei lisättyä natriumglutamaattia 10x10g","price":1.59,"storeId":725782447,"__typename":"Product","approxPrice":false,"basicQuantityUnit":"KPL","comparisonPrice":15.9,"comparisonUnit":"KGM","consumerPackageSize":null,"consumerPackageUnit":null,"priceUnit":"KPL","quantityMultiplier":1,"brandName":"Knorr","slug":"knorr-kasvis-liemikuutio-ei-lisattya-sokeria-ei-lisattya-natriumglutamaattia-10x10g","isAgeLimitedByAlcohol":false,"frozen":false,"packagingLabels":[],"packagingLabelCodes":[],"hierarchyPath":[{"id":"Herkku_00000408","name":"Kasvisliemet","slug":"oljyt-mausteet-maustaminen-1/liemivalmisteet-ja-fondit/kasvisliemet","__typename":"HierarchyPathItem"},{"id":"Herkku_00000074","name":"Liemivalmisteet ja fondit","slug":"oljyt-mausteet-maustaminen-1/liemivalmisteet-ja-fondit","__typename":"HierarchyPathItem"},{"id":"Herkku_00000011","name":"Öljyt, mausteet, maustaminen","slug":"oljyt-mausteet-maustaminen-1","__typename":"HierarchyPathItem"}],"isGlobalFallback":null,"countryName":{"fi":"Italia","__typename":"CountryName"}},{"id":"8714100783504","ean":"8714100783504","name":"Knorr Kana Liemikuutio Ei lisättyä sokeria Ei lisättyä natriumglutamaattia 10x10g","price":1.59,"storeId":725782447,"__typename":"Product","approxPrice":false,"basicQuantityUnit":"KPL","comparisonPrice":15.9,"comparisonUnit":"KGM","consumerPackageSize":null,"consumerPackageUnit":null,"priceUnit":"KPL","quantityMultiplier":1,"brandName":"Knorr","slug":"knorr-kana-liemikuutio-ei-lisattya-sokeria-ei-lisattya-natriumglutamaattia-10x10g","isAgeLimitedByAlcohol":false,"frozen":false,"packagingLabels":[],"packagingLabelCodes":[],"hierarchyPath":[{"id":"Herkku_00000409","name":"Kanaliemet","slug":"oljyt-mausteet-maustaminen-1/liemivalmisteet-ja-fondit/kanaliemet","__typename":"HierarchyPathItem"},{"id":"Herkku_00000074","name":"Liemivalmisteet ja fondit","slug":"oljyt-mausteet-maustaminen-1/liemivalmisteet-ja-fondit","__typename":"HierarchyPathItem"},{"id":"Herkku_00000011","name":"Öljyt, mausteet, maustaminen","slug":"oljyt-mausteet-maustaminen-1","__typename":"HierarchyPathItem"}],"isGlobalFallback":null,"countryName":{"fi":"Italia","__typename":"CountryName"}},{"id":"8714100783511","ean":"8714100783511","name":"Knorr Liha Liemikuutio Ei lisättyä sokeria Ei lisättyä natriumglutamaattia 10x10g","price":1.59,"storeId":725782447,"__typename":"Product","approxPrice":false,"basicQuantityUnit":"KPL","comparisonPrice":15.9,"comparisonUnit":"KGM","consumerPackageSize":null,"consumerPackageUnit":null,"priceUnit":"KPL","quantityMultiplier":1,"brandName":"Knorr","slug":"knorr-liha-liemikuutio-ei-lisattya-sokeria-ei-lisattya-natriumglutamaattia-10x10g","isAgeLimitedByAlcohol":false,"frozen":false,"packagingLabels":[],"packagingLabelCodes":[],"hierarchyPath":[{"id":"Herkku_00000411","name":"Lihaliemet","slug":"oljyt-mausteet-maustaminen-1/liemivalmisteet-ja-fondit/lihaliemet","__typename":"HierarchyPathItem"},{"id":"Herkku_00000074","name":"Liemivalmisteet ja fondit","slug":"oljyt-mausteet-maustaminen-1/liemivalmisteet-ja-fondit","__typename":"HierarchyPathItem"},{"id":"Herkku_00000011","name":"Öljyt, mausteet, maustaminen","slug":"oljyt-mausteet-maustaminen-1","__typename":"HierarchyPathItem"}],"isGlobalFallback":null,"countryName":{"fi":"Italia","__typename":"CountryName"}},{"id":"8714100786710","ean":"8714100786710","name":"Knorr Kala Liemikuutio Ei lisättyä sokeria Ei lisättyä natriumglutamaattia 10x10g","price":1.59,"storeId":725782447,"__typename":"Product","approxPrice":false,"basicQuantityUnit":"KPL","comparisonPrice":15.9,"comparisonUnit":"KGM","consumerPackageSize":null,"consumerPackageUnit":null,"priceUnit":"KPL","quantityMultiplier":1,"brandName":"Knorr","slug":"knorr-kala-liemikuutio-ei-lisattya-sokeria-ei-lisattya-natriumglutamaattia-10x10g","isAgeLimitedByAlcohol":false,"frozen":false,"packagingLabels":[],"packagingLabelCodes":[],"hierarchyPath":[{"id":"Herkku_00000410","name":"Kalaliemet","slug":"oljyt-mausteet-maustaminen-1/liemivalmisteet-ja-fondit/kalaliemet","__typename":"HierarchyPathItem"},{"id":"Herkku_00000074","name":"Liemivalmisteet ja fondit","slug":"oljyt-mausteet-maustaminen-1/liemivalmisteet-ja-fondit","__typename":"HierarchyPathItem"},{"id":"Herkku_00000011","name":"Öljyt, mausteet, maustaminen","slug":"oljyt-mausteet-maustaminen-1","__typename":"HierarchyPathItem"}],"isGlobalFallback":null,"countryName":{"fi":"Italia","__typename":"CountryName"}},{"id":"8714789131344","ean":"8714789131344","name":"Colgate Fluor+ hammastahna 50ml","price":1.15,"storeId":725782447,"__typename":"Product","approxPrice":false,"basicQuantityUnit":"KPL","comparisonPrice":23,"comparisonUnit":"LTR","consumerPackageSize":null,"consumerPackageUnit":null,"priceUnit":"KPL","quantityMultiplier":1,"brandName":"Colgate","slug":"colgate-fluor-hammastahna-50ml","isAgeLimitedByAlcohol":false,"frozen":false,"packagingLabels":[],"packagingLabelCodes":[],"hierarchyPath":[{"id":"1591691233571227","name":"Hammastahnat","slug":"kosmetiikka-ja-hygienia/suunhoito/hammastahnat","__typename":"HierarchyPathItem"},{"id":"1591691233571225","name":"Suunhoito","slug":"kosmetiikka-ja-hygienia/suunhoito","__typename":"HierarchyPathItem"},{"id":"1591691233334707","name":"Kosmetiikka ja hygienia","slug":"kosmetiikka-ja-hygienia","__typename":"HierarchyPathItem"}],"isGlobalFallback":null,"countryName":{"fi":"Puola","__typename":"CountryName"}},{"id":"8714789700045","ean":"8714789700045","name":"Palmolive Naturals Moisture Care palasaippua 90 g","price":0.95,"storeId":725782447,"__typename":"Product","approxPrice":false,"basicQuantityUnit":"KPL","comparisonPrice":10.56,"comparisonUnit":"KGM","consumerPackageSize":null,"consumerPackageUnit":null,"priceUnit":"KPL","quantityMultiplier":1,"brandName":"Palmolive","slug":"palmolive-naturals-moisture-care-palasaippua-90-g","isAgeLimitedByAlcohol":false,"frozen":false,"packagingLabels":[],"packagingLabelCodes":[],"hierarchyPath":[{"id":"1591691233415989","name":"Palasaippuat","slug":"kosmetiikka-ja-hygienia/saippuat-ja-pesutarvikkeet/palasaippuat","__typename":"HierarchyPathItem"},{"id":"1591691233415959","name":"Saippuat ja pesutarvikkeet","slug":"kosmetiikka-ja-hygienia/saippuat-ja-pesutarvikkeet","__typename":"HierarchyPathItem"},{"id":"1591691233334707","name":"Kosmetiikka ja hygienia","slug":"kosmetiikka-ja-hygienia","__typename":"HierarchyPathItem"}],"isGlobalFallback":null,"countryName":{"fi":"Italia","__typename":"CountryName"}},{"id":"8714789732886","ean":"8714789732886","name":"Palmolive Naturals Olive & Milk suihkusaippua 250 ml","price":2.25,"storeId":725782447,"__typename":"Product","approxPrice":false,"basicQuantityUnit":"KPL","comparisonPrice":9,"comparisonUnit":"LTR","consumerPackageSize":null,"consumerPackageUnit":null,"priceUnit":"KPL","quantityMultiplier":1,"brandName":"Palmolive","slug":"palmolive-naturals-olive-and-milk-suihkusaippua-250-ml","isAgeLimitedByAlcohol":false,"frozen":false,"packagingLabels":[],"packagingLabelCodes":[],"hierarchyPath":[{"id":"1591691233415960","name":"Naisten suihkusaippuat","slug":"kosmetiikka-ja-hygienia/saippuat-ja-pesutarvikkeet/naisten-suihkusaippuat","__typename":"HierarchyPathItem"},{"id":"1591691233415959","name":"Saippuat ja pesutarvikkeet","slug":"kosmetiikka-ja-hygienia/saippuat-ja-pesutarvikkeet","__typename":"HierarchyPathItem"},{"id":"1591691233334707","name":"Kosmetiikka ja hygienia","slug":"kosmetiikka-ja-hygienia","__typename":"HierarchyPathItem"}],"isGlobalFallback":null,"countryName":{"fi":"Italia","__typename":"CountryName"}},{"id":"8714789733012","ean":"8714789733012","name":"Palmolive Men Sport 3-in-1 suihkusaippua 250 ml","price":2.25,"storeId":725782447,"__typename":"Product","approxPrice":false,"basicQuantityUnit":"KPL","comparisonPrice":9,"comparisonUnit":"LTR","consumerPackageSize":null,"consumerPackageUnit":null,"priceUnit":"KPL","quantityMultiplier":1,"brandName":"Palmolive","slug":"palmolive-men-sport-3-in-1-suihkusaippua-250-ml","isAgeLimitedByAlcohol":false,"frozen":false,"packagingLabels":[],"packagingLabelCodes":[],"hierarchyPath":[{"id":"1591691233415961","name":"Miesten suihkusaippuat","slug":"kosmetiikka-ja-hygienia/saippuat-ja-pesutarvikkeet/miesten-suihkusaippuat","__typename":"HierarchyPathItem"},{"id":"1591691233415959","name":"Saippuat ja pesutarvikkeet","slug":"kosmetiikka-ja-hygienia/saippuat-ja-pesutarvikkeet","__typename":"HierarchyPathItem"},{"id":"1591691233334707","name":"Kosmetiikka ja hygienia","slug":"kosmetiikka-ja-hygienia","__typename":"HierarchyPathItem"}],"isGlobalFallback":null,"countryName":{"fi":"Italia","__typename":"CountryName"}},{"id":"8714789733111","ean":"8714789733111","name":"Palmolive Men 3-in-1 Energising suihkusaippua 500ml","price":3.89,"storeId":725782447,"__typename":"Product","approxPrice":false,"basicQuantityUnit":"KPL","comparisonPrice":7.78,"comparisonUnit":"LTR","consumerPackageSize":null,"consumerPackageUnit":null,"priceUnit":"KPL","quantityMultiplier":1,"brandName":"Palmolive","slug":"palmolive-men-3-in-1-energising-suihkusaippua-500ml","isAgeLimitedByAlcohol":false,"frozen":false,"packagingLabels":[],"packagingLabelCodes":[],"hierarchyPath":[{"id":"1591691233415961","name":"Miesten suihkusaippuat","slug":"kosmetiikka-ja-hygienia/saippuat-ja-pesutarvikkeet/miesten-suihkusaippuat","__typename":"HierarchyPathItem"},{"id":"1591691233415959","name":"Saippuat ja pesutarvikkeet","slug":"kosmetiikka-ja-hygienia/saippuat-ja-pesutarvikkeet","__typename":"HierarchyPathItem"},{"id":"1591691233334707","name":"Kosmetiikka ja hygienia","slug":"kosmetiikka-ja-hygienia","__typename":"HierarchyPathItem"}],"isGlobalFallback":null,"countryName":{"fi":"Italia","__typename":"CountryName"}},{"id":"8714800019828","ean":"8714800019828","name":"Bavaria 0,0% Premium Original Non-Alcoholic Beer 50 cl tölkki alkoholiton olut","price":1.69,"storeId":725782447,"__typename":"Product","approxPrice":false,"basicQuantityUnit":"KPL","comparisonPrice":3.08,"comparisonUnit":"LTR","consumerPackageSize":null,"consumerPackageUnit":null,"priceUnit":"KPL","quantityMultiplier":1,"brandName":"Bavaria","slug":"bavaria-0-0-premium-original-non-alcoholic-beer-50-cl-tolkki-alkoholiton-olut","isAgeLimitedByAlcohol":false,"frozen":false,"packagingLabels":[],"packagingLabelCodes":[],"hierarchyPath":[{"id":"Herkku_00000818","name":"Vaalea lager olut","slug":"juomat-1/oluet/vaalea-lager-olut","__typename":"HierarchyPathItem"},{"id":"Herkku_00000135","name":"Oluet","slug":"juomat-1/oluet","__typename":"HierarchyPathItem"},{"id":"Herkku_00000005","name":"Juomat","slug":"juomat-1","__typename":"HierarchyPathItem"}],"isGlobalFallback":null,"countryName":{"fi":"Alankomaat","__typename":"CountryName"}},{"id":"8715035110106","ean":"8715035110106","name":"Kikkoman 150ml Soijakastike","price":3.15,"storeId":725782447,"__typename":"Product","approxPrice":false,"basicQuantityUnit":"KPL","comparisonPrice":21,"comparisonUnit":"LTR","consumerPackageSize":null,"consumerPackageUnit":null,"priceUnit":"KPL","quantityMultiplier":1,"brandName":"Kikkoman","slug":"kikkoman-150ml-soijakastike","isAgeLimitedByAlcohol":false,"frozen":false,"packagingLabels":[],"packagingLabelCodes":[],"hierarchyPath":[{"id":"Herkku_00000428","name":"Soijakastikkeet","slug":"oljyt-mausteet-maustaminen-1/maustekastikkeet-ja-tahnat/soijakastikkeet","__typename":"HierarchyPathItem"},{"id":"Herkku_00000078","name":"Maustekastikkeet ja tahnat","slug":"oljyt-mausteet-maustaminen-1/maustekastikkeet-ja-tahnat","__typename":"HierarchyPathItem"},{"id":"Herkku_00000011","name":"Öljyt, mausteet, maustaminen","slug":"oljyt-mausteet-maustaminen-1","__typename":"HierarchyPathItem"}],"isGlobalFallback":null,"countryName":{"fi":"Alankomaat","__typename":"CountryName"}},{"id":"8715035520301","ean":"8715035520301","name":"Kikkoman 250ml Ponzu-sitrussoijakastike","price":4.4,"storeId":725782447,"__typename":"Product","approxPrice":false,"basicQuantityUnit":"KPL","comparisonPrice":17.6,"comparisonUnit":"LTR","consumerPackageSize":null,"consumerPackageUnit":null,"priceUnit":"KPL","quantityMultiplier":1,"brandName":"Kikkoman","slug":"kikkoman-250ml-ponzu-sitrussoijakastike","isAgeLimitedByAlcohol":false,"frozen":false,"packagingLabels":[],"packagingLabelCodes":[],"hierarchyPath":[{"id":"Herkku_00000428","name":"Soijakastikkeet","slug":"oljyt-mausteet-maustaminen-1/maustekastikkeet-ja-tahnat/soijakastikkeet","__typename":"HierarchyPathItem"},{"id":"Herkku_00000078","name":"Maustekastikkeet ja tahnat","slug":"oljyt-mausteet-maustaminen-1/maustekastikkeet-ja-tahnat","__typename":"HierarchyPathItem"},{"id":"Herkku_00000011","name":"Öljyt, mausteet, maustaminen","slug":"oljyt-mausteet-maustaminen-1","__typename":"HierarchyPathItem"}],"isGlobalFallback":null,"countryName":null},{"id":"8715700016504","ean":"8715700016504","name":"Heinz Tomaattiketsuppi 1kg","price":4.69,"storeId":725782447,"__typename":"Product","approxPrice":false,"basicQuantityUnit":"KPL","comparisonPrice":4.69,"comparisonUnit":"KGM","consumerPackageSize":null,"consumerPackageUnit":null,"priceUnit":"KPL","quantityMultiplier":1,"brandName":"Heinz","slug":"heinz-tomaattiketsuppi-1kg","isAgeLimitedByAlcohol":false,"frozen":false,"packagingLabels":[],"packagingLabelCodes":[],"hierarchyPath":[{"id":"Herkku_00000420","name":"Ketsupit","slug":"oljyt-mausteet-maustaminen-1/ketsupit-ja-sinapit/ketsupit","__typename":"HierarchyPathItem"},{"id":"Herkku_00000077","name":"Ketsupit ja sinapit","slug":"oljyt-mausteet-maustaminen-1/ketsupit-ja-sinapit","__typename":"HierarchyPathItem"},{"id":"Herkku_00000011","name":"Öljyt, mausteet, maustaminen","slug":"oljyt-mausteet-maustaminen-1","__typename":"HierarchyPathItem"}],"isGlobalFallback":null,"countryName":{"fi":"Alankomaat","__typename":"CountryName"}},{"id":"8715800002278","ean":"8715800002278","name":"JOZO jodioitu suola 600g sirotin","price":1.19,"storeId":725782447,"__typename":"Product","approxPrice":false,"basicQuantityUnit":"KPL","comparisonPrice":1.98,"comparisonUnit":"KGM","consumerPackageSize":null,"consumerPackageUnit":null,"priceUnit":"KPL","quantityMultiplier":1,"brandName":"Jozo","slug":"jozo-jodioitu-suola-600g-sirotin","isAgeLimitedByAlcohol":false,"frozen":false,"packagingLabels":[],"packagingLabelCodes":[],"hierarchyPath":[{"id":"Herkku_00000438","name":"Ruokasuola","slug":"oljyt-mausteet-maustaminen-1/suolat/ruokasuola","__typename":"HierarchyPathItem"},{"id":"Herkku_00000080","name":"Suolat","slug":"oljyt-mausteet-maustaminen-1/suolat","__typename":"HierarchyPathItem"},{"id":"Herkku_00000011","name":"Öljyt, mausteet, maustaminen","slug":"oljyt-mausteet-maustaminen-1","__typename":"HierarchyPathItem"}],"isGlobalFallback":null,"countryName":{"fi":"Alankomaat","__typename":"CountryName"}},{"id":"8717163742815","ean":"8717163742815","name":"Dove Deeply Nourishing Suihkusaippua Kosteuttava Hellävarainen iholle 450 ml","price":4.19,"storeId":725782447,"__typename":"Product","approxPrice":false,"basicQuantityUnit":"KPL","comparisonPrice":9.31,"comparisonUnit":"LTR","consumerPackageSize":null,"consumerPackageUnit":null,"priceUnit":"KPL","quantityMultiplier":1,"brandName":"Dove","slug":"dove-deeply-nourishing-suihkusaippua-kosteuttava-hellavarainen-iholle-450-ml","isAgeLimitedByAlcohol":false,"frozen":false,"packagingLabels":[],"packagingLabelCodes":[],"hierarchyPath":[{"id":"1591691233415960","name":"Naisten suihkusaippuat","slug":"kosmetiikka-ja-hygienia/saippuat-ja-pesutarvikkeet/naisten-suihkusaippuat","__typename":"HierarchyPathItem"},{"id":"1591691233415959","name":"Saippuat ja pesutarvikkeet","slug":"kosmetiikka-ja-hygienia/saippuat-ja-pesutarvikkeet","__typename":"HierarchyPathItem"},{"id":"1591691233334707","name":"Kosmetiikka ja hygienia","slug":"kosmetiikka-ja-hygienia","__typename":"HierarchyPathItem"}],"isGlobalFallback":null,"countryName":{"fi":"Saksa","__typename":"CountryName"}},{"id":"8717644381755","ean":"8717644381755","name":"Comfort Refresh Blue Skies Huuhteluaine Mieto tuoksu Suojaa hajuilta 750 ml 41 pesua","price":3.45,"storeId":725782447,"__typename":"Product","approxPrice":false,"basicQuantityUnit":"KPL","comparisonPrice":4.6,"comparisonUnit":"LTR","consumerPackageSize":null,"consumerPackageUnit":null,"priceUnit":"KPL","quantityMultiplier":1,"brandName":"Comfort","slug":"comfort-refresh-blue-skies-huuhteluaine-mieto-tuoksu-suojaa-hajuilta-750-ml-41-pesua","isAgeLimitedByAlcohol":false,"frozen":false,"packagingLabels":[],"packagingLabelCodes":[],"hierarchyPath":[{"id":"1591691234596333","name":"Huuhteluaineet","slug":"kodinhoito-ja-taloustarvikkeet/pyykinpesu/huuhteluaineet","__typename":"HierarchyPathItem"},{"id":"1591691234596326","name":"Pyykinpesu","slug":"kodinhoito-ja-taloustarvikkeet/pyykinpesu","__typename":"HierarchyPathItem"},{"id":"1591691234596256","name":"Kodinhoito ja taloustarvikkeet","slug":"kodinhoito-ja-taloustarvikkeet","__typename":"HierarchyPathItem"}],"isGlobalFallback":null,"countryName":{"fi":"Iso-Britannia","__typename":"CountryName"}},{"id":"8718114582207","ean":"8718114582207","name":"Pepsodent Ultra Reach Hammasharja Tehokas Erinomainen puhdistusteho 1 kpl","price":3.8,"storeId":725782447,"__typename":"Product","approxPrice":false,"basicQuantityUnit":"KPL","comparisonPrice":3.8,"comparisonUnit":"PCE","consumerPackageSize":null,"consumerPackageUnit":null,"priceUnit":"KPL","quantityMultiplier":1,"brandName":"Pepsodent","slug":"pepsodent-ultra-reach-hammasharja-tehokas-erinomainen-puhdistusteho-1-kpl","isAgeLimitedByAlcohol":false,"frozen":false,"packagingLabels":[],"packagingLabelCodes":[],"hierarchyPath":[{"id":"1591691233571226","name":"Hammasharjat","slug":"kosmetiikka-ja-hygienia/suunhoito/hammasharjat","__typename":"HierarchyPathItem"},{"id":"1591691233571225","name":"Suunhoito","slug":"kosmetiikka-ja-hygienia/suunhoito","__typename":"HierarchyPathItem"},{"id":"1591691233334707","name":"Kosmetiikka ja hygienia","slug":"kosmetiikka-ja-hygienia","__typename":"HierarchyPathItem"}],"isGlobalFallback":null,"countryName":{"fi":"Italia","__typename":"CountryName"}},{"id":"8718114751962","ean":"8718114751962","name":"Maizena Suuruste Ruskea 250 g","price":2.59,"storeId":725782447,"__typename":"Product","approxPrice":false,"basicQuantityUnit":"KPL","comparisonPrice":10.36,"comparisonUnit":"KGM","consumerPackageSize":null,"consumerPackageUnit":null,"priceUnit":"KPL","quantityMultiplier":1,"brandName":"Maizena","slug":"maizena-suuruste-ruskea-250-g","isAgeLimitedByAlcohol":false,"frozen":false,"packagingLabels":[],"packagingLabelCodes":[],"hierarchyPath":[{"id":"Herkku_00000379","name":"Tärkkelykset","slug":"kuivatuotteet-ja-leivonta-1/jauhot-ja-leivontaseokset/tarkkelykset","__typename":"HierarchyPathItem"},{"id":"Herkku_00000066","name":"Jauhot ja leivontaseokset","slug":"kuivatuotteet-ja-leivonta-1/jauhot-ja-leivontaseokset","__typename":"HierarchyPathItem"},{"id":"Herkku_00000007","name":"Kuivatuotteet ja leivonta","slug":"kuivatuotteet-ja-leivonta-1","__typename":"HierarchyPathItem"}],"isGlobalFallback":null,"countryName":{"fi":"Saksa","__typename":"CountryName"}},{"id":"8718114782591","ean":"8718114782591","name":"Maizena Maissitärkkelys 400 g","price":2.65,"storeId":725782447,"__typename":"Product","approxPrice":false,"basicQuantityUnit":"KPL","comparisonPrice":6.62,"comparisonUnit":"KGM","consumerPackageSize":null,"consumerPackageUnit":null,"priceUnit":"KPL","quantityMultiplier":1,"brandName":"Maizena","slug":"maizena-maissitarkkelys-400-g","isAgeLimitedByAlcohol":false,"frozen":false,"packagingLabels":[],"packagingLabelCodes":[],"hierarchyPath":[{"id":"Herkku_00000379","name":"Tärkkelykset","slug":"kuivatuotteet-ja-leivonta-1/jauhot-ja-leivontaseokset/tarkkelykset","__typename":"HierarchyPathItem"},{"id":"Herkku_00000066","name":"Jauhot ja leivontaseokset","slug":"kuivatuotteet-ja-leivonta-1/jauhot-ja-leivontaseokset","__typename":"HierarchyPathItem"},{"id":"Herkku_00000007","name":"Kuivatuotteet ja leivonta","slug":"kuivatuotteet-ja-leivonta-1","__typename":"HierarchyPathItem"}],"isGlobalFallback":null,"countryName":{"fi":"Saksa","__typename":"CountryName"}},{"id":"8718114829661","ean":"8718114829661","name":"Knorr Ranskalainen sipulikeitto Keitto Ei lisättyä sokeria 1 litra valmista keittoa 2x52g","price":2.05,"storeId":725782447,"__typename":"Product","approxPrice":false,"basicQuantityUnit":"KPL","comparisonPrice":19.71,"comparisonUnit":"KGM","consumerPackageSize":null,"consumerPackageUnit":null,"priceUnit":"KPL","quantityMultiplier":1,"brandName":"Knorr","slug":"knorr-ranskalainen-sipulikeitto-keitto-ei-lisattya-sokeria-1-litra-valmista-keittoa-2x52g","isAgeLimitedByAlcohol":false,"frozen":false,"packagingLabels":[],"packagingLabelCodes":[],"hierarchyPath":[{"id":"Herkku_00000473","name":"Pussikeitot","slug":"kuivatuotteet-ja-leivonta-1/ateria-ainekset/pussikeitot","__typename":"HierarchyPathItem"},{"id":"Herkku_00000087","name":"Ateria-ainekset","slug":"kuivatuotteet-ja-leivonta-1/ateria-ainekset","__typename":"HierarchyPathItem"},{"id":"Herkku_00000007","name":"Kuivatuotteet ja leivonta","slug":"kuivatuotteet-ja-leivonta-1","__typename":"HierarchyPathItem"}],"isGlobalFallback":null,"countryName":{"fi":"Saksa","__typename":"CountryName"}},{"id":"8718114832753","ean":"8718114832753","name":"Knorr Keittoaines Ranskalainen sipulikeitto 52g","price":1.45,"storeId":725782447,"__typename":"Product","approxPrice":false,"basicQuantityUnit":"KPL","comparisonPrice":27.88,"comparisonUnit":"KGM","consumerPackageSize":null,"consumerPackageUnit":null,"priceUnit":"KPL","quantityMultiplier":1,"brandName":"Knorr","slug":"knorr-keittoaines-ranskalainen-sipulikeitto-52g","isAgeLimitedByAlcohol":false,"frozen":false,"packagingLabels":[],"packagingLabelCodes":[],"hierarchyPath":[{"id":"Herkku_00000473","name":"Pussikeitot","slug":"kuivatuotteet-ja-leivonta-1/ateria-ainekset/pussikeitot","__typename":"HierarchyPathItem"},{"id":"Herkku_00000087","name":"Ateria-ainekset","slug":"kuivatuotteet-ja-leivonta-1/ateria-ainekset","__typename":"HierarchyPathItem"},{"id":"Herkku_00000007","name":"Kuivatuotteet ja leivonta","slug":"kuivatuotteet-ja-leivonta-1","__typename":"HierarchyPathItem"}],"isGlobalFallback":null,"countryName":{"fi":"Ranska","__typename":"CountryName"}},{"id":"8718226440020","ean":"8718226440020","name":"Berry World Pensasmustikka 125g","price":2.19,"storeId":725782447,"__typename":"Product","approxPrice":false,"basicQuantityUnit":"KPL","comparisonPrice":17.52,"comparisonUnit":"KGM","consumerPackageSize":null,"consumerPackageUnit":null,"priceUnit":"KPL","quantityMultiplier":1,"brandName":null,"slug":"berry-world-pensasmustikka-125g","isAgeLimitedByAlcohol":false,"frozen":false,"packagingLabels":[],"packagingLabelCodes":[],"hierarchyPath":[{"id":"Herkku_00000022","name":"Marjat","slug":"hedelmat-ja-vihannekset-1/marjat","__typename":"HierarchyPathItem"},{"id":"Herkku_00000001","name":"Hedelmät ja vihannekset","slug":"hedelmat-ja-vihannekset-1","__typename":"HierarchyPathItem"}],"isGlobalFallback":null,"countryName":null},{"id":"8718226440068","ean":"8718226440068","name":"Berry World Mansikka 250g","price":3.99,"storeId":725782447,"__typename":"Product","approxPrice":false,"basicQuantityUnit":"KPL","comparisonPrice":15.96,"comparisonUnit":"KGM","consumerPackageSize":null,"consumerPackageUnit":null,"priceUnit":"KPL","quantityMultiplier":1,"brandName":null,"slug":"berry-world-mansikka-250g","isAgeLimitedByAlcohol":false,"frozen":false,"packagingLabels":[],"packagingLabelCodes":[],"hierarchyPath":[{"id":"Herkku_00000022","name":"Marjat","slug":"hedelmat-ja-vihannekset-1/marjat","__typename":"HierarchyPathItem"},{"id":"Herkku_00000001","name":"Hedelmät ja vihannekset","slug":"hedelmat-ja-vihannekset-1","__typename":"HierarchyPathItem"}],"isGlobalFallback":null,"countryName":null},{"id":"8718885890006","ean":"8718885890006","name":"SoFine 250g tofu maustamaton luomu","price":2.19,"storeId":725782447,"__typename":"Product","approxPrice":false,"basicQuantityUnit":"KPL","comparisonPrice":8.76,"comparisonUnit":"KGM","consumerPackageSize":null,"consumerPackageUnit":null,"priceUnit":"KPL","quantityMultiplier":1,"brandName":"SoFine","slug":"sofine-250g-tofu-maustamaton-luomu","isAgeLimitedByAlcohol":false,"frozen":false,"packagingLabels":["EU:n luomutunnus (lehti)"],"packagingLabelCodes":["EU_ORGANIC_FARMING"],"hierarchyPath":[{"id":"1591691244827941","name":"Muut kasvipohjaiset juustot","slug":"juustot-0/kasvipohjaiset-juustot/muut-kasvipohjaiset-juustot","__typename":"HierarchyPathItem"},{"id":"1591691244827917","name":"Kasvipohjaiset juustot","slug":"juustot-0/kasvipohjaiset-juustot","__typename":"HierarchyPathItem"},{"id":"Herkku_00000003","name":"Juustot","slug":"juustot-0","__typename":"HierarchyPathItem"}],"isGlobalFallback":null,"countryName":{"fi":"Alankomaat","__typename":"CountryName"}},{"id":"8718885891973","ean":"8718885891973","name":"SoFine Tofu Skewers chicken style vartaat vegaaninen 150g","price":3.25,"storeId":725782447,"__typename":"Product","approxPrice":false,"basicQuantityUnit":"KPL","comparisonPrice":21.67,"comparisonUnit":"KGM","consumerPackageSize":null,"consumerPackageUnit":null,"priceUnit":"KPL","quantityMultiplier":1,"brandName":"SoFine","slug":"sofine-tofu-skewers-chicken-style-vartaat-vegaaninen-150g","isAgeLimitedByAlcohol":false,"frozen":false,"packagingLabels":[],"packagingLabelCodes":[],"hierarchyPath":[{"id":"1591691245926574","name":"Kinkkusuikaleet ja lihapalat","slug":"liha-ja-kasviproteiinit-1/kinkut-ja-leikkeleet/kinkkusuikaleet-ja-lihapalat","__typename":"HierarchyPathItem"},{"id":"Herkku_00000156","name":"Kinkut ja leikkeleet","slug":"liha-ja-kasviproteiinit-1/kinkut-ja-leikkeleet","__typename":"HierarchyPathItem"},{"id":"Herkku_00000014","name":"Liha ja kasviproteiinit","slug":"liha-ja-kasviproteiinit-1","__typename":"HierarchyPathItem"}],"isGlobalFallback":null,"countryName":{"fi":"Alankomaat","__typename":"CountryName"}},{"id":"8718951197046","ean":"8718951197046","name":"Palmolive Naturals Milk & Olive nestesaippua 300ml","price":2.25,"storeId":725782447,"__typename":"Product","approxPrice":false,"basicQuantityUnit":"KPL","comparisonPrice":7.5,"comparisonUnit":"LTR","consumerPackageSize":null,"consumerPackageUnit":null,"priceUnit":"KPL","quantityMultiplier":1,"brandName":"Palmolive","slug":"palmolive-naturals-milk-and-olive-nestesaippua-300ml","isAgeLimitedByAlcohol":false,"frozen":false,"packagingLabels":[],"packagingLabelCodes":[],"hierarchyPath":[{"id":"1591691233415963","name":"Nestesaippuat","slug":"kosmetiikka-ja-hygienia/saippuat-ja-pesutarvikkeet/nestesaippuat","__typename":"HierarchyPathItem"},{"id":"1591691233415959","name":"Saippuat ja pesutarvikkeet","slug":"kosmetiikka-ja-hygienia/saippuat-ja-pesutarvikkeet","__typename":"HierarchyPathItem"},{"id":"1591691233334707","name":"Kosmetiikka ja hygienia","slug":"kosmetiikka-ja-hygienia","__typename":"HierarchyPathItem"}],"isGlobalFallback":null,"countryName":{"fi":"Italia","__typename":"CountryName"}},{"id":"8718951313378","ean":"8718951313378","name":"Colgate Max Fresh Cooling Crystals hammastahna 75 ml","price":2.15,"storeId":725782447,"__typename":"Product","approxPrice":false,"basicQuantityUnit":"KPL","comparisonPrice":28.67,"comparisonUnit":"LTR","consumerPackageSize":null,"consumerPackageUnit":null,"priceUnit":"KPL","quantityMultiplier":1,"brandName":"Colgate","slug":"colgate-max-fresh-cooling-crystals-hammastahna-75-ml","isAgeLimitedByAlcohol":false,"frozen":false,"packagingLabels":[],"packagingLabelCodes":[],"hierarchyPath":[{"id":"1591691233571227","name":"Hammastahnat","slug":"kosmetiikka-ja-hygienia/suunhoito/hammastahnat","__typename":"HierarchyPathItem"},{"id":"1591691233571225","name":"Suunhoito","slug":"kosmetiikka-ja-hygienia/suunhoito","__typename":"HierarchyPathItem"},{"id":"1591691233334707","name":"Kosmetiikka ja hygienia","slug":"kosmetiikka-ja-hygienia","__typename":"HierarchyPathItem"}],"isGlobalFallback":null,"countryName":{"fi":"Puola","__typename":"CountryName"}},{"id":"8719189354546","ean":"8719189354546","name":"Fruitfunk Paw Patrol Omenapatukka 20g","price":1.25,"storeId":725782447,"__typename":"Product","approxPrice":false,"basicQuantityUnit":"KPL","comparisonPrice":62.5,"comparisonUnit":"KGM","consumerPackageSize":null,"consumerPackageUnit":null,"priceUnit":"KPL","quantityMultiplier":1,"brandName":"Fruitfunk","slug":"fruitfunk-paw-patrol-omenapatukka-20g","isAgeLimitedByAlcohol":false,"frozen":false,"packagingLabels":[],"packagingLabelCodes":[],"hierarchyPath":[{"id":"Herkku_00000306","name":"Kuivatut hedelmät ja marjat","slug":"kuivatuotteet-ja-leivonta-1/siemenet-pahkinat-ja-kuivatut-hedelmat/kuivatut-hedelmat-ja-marjat","__typename":"HierarchyPathItem"},{"id":"Herkku_00000050","name":"Siemenet, pähkinät ja kuivatut hedelmät","slug":"kuivatuotteet-ja-leivonta-1/siemenet-pahkinat-ja-kuivatut-hedelmat","__typename":"HierarchyPathItem"},{"id":"Herkku_00000007","name":"Kuivatuotteet ja leivonta","slug":"kuivatuotteet-ja-leivonta-1","__typename":"HierarchyPathItem"}],"isGlobalFallback":null,"countryName":{"fi":"Unkari","__typename":"CountryName"}},{"id":"8719200006133","ean":"8719200006133","name":"Flora Culinesse Juokseva kasviöljyvalmiste laktoositon 500 ml","price":3.25,"storeId":725782447,"__typename":"Product","approxPrice":false,"basicQuantityUnit":"KPL","comparisonPrice":6.5,"comparisonUnit":"LTR","consumerPackageSize":null,"consumerPackageUnit":null,"priceUnit":"KPL","quantityMultiplier":1,"brandName":"Flora","slug":"flora-culinesse-juokseva-kasvioljyvalmiste-laktoositon-500-ml","isAgeLimitedByAlcohol":false,"frozen":false,"packagingLabels":["V Label Vegan"],"packagingLabelCodes":["EUROPEAN_V_LABEL_VEGAN"],"hierarchyPath":[{"id":"Herkku_00000297","name":"Juokseva margariini","slug":"maito-munat-ja-rasvat-0/rasvat/juokseva-margariini","__typename":"HierarchyPathItem"},{"id":"Herkku_00000049","name":"Rasvat","slug":"maito-munat-ja-rasvat-0/rasvat","__typename":"HierarchyPathItem"},{"id":"Herkku_00000006","name":"Maito, munat ja rasvat","slug":"maito-munat-ja-rasvat-0","__typename":"HierarchyPathItem"}],"isGlobalFallback":null,"countryName":{"fi":"Puola","__typename":"CountryName"}},{"id":"8719200066762","ean":"8719200066762","name":"Crème Bonjour 100g Ruohosipuli tuorejuusto laktoositon","price":2.29,"storeId":725782447,"__typename":"Product","approxPrice":false,"basicQuantityUnit":"KPL","comparisonPrice":22.9,"comparisonUnit":"KGM","consumerPackageSize":null,"consumerPackageUnit":null,"priceUnit":"KPL","quantityMultiplier":1,"brandName":"Creme Bonjour","slug":"creme-bonjour-100g-ruohosipuli-tuorejuusto-laktoositon","isAgeLimitedByAlcohol":false,"frozen":false,"packagingLabels":[],"packagingLabelCodes":[],"hierarchyPath":[{"id":"1591691244878258","name":"Levitettävät juustot","slug":"juustot-0/ruoka-ja-herkuttelujuustot/levitettavat-juustot","__typename":"HierarchyPathItem"},{"id":"1591691244827915","name":"Ruoka- ja herkuttelujuustot","slug":"juustot-0/ruoka-ja-herkuttelujuustot","__typename":"HierarchyPathItem"},{"id":"Herkku_00000003","name":"Juustot","slug":"juustot-0","__typename":"HierarchyPathItem"}],"isGlobalFallback":null,"countryName":{"fi":"Saksa","__typename":"CountryName"}},{"id":"8719200122932","ean":"8719200122932","name":"Flora Vanilja Vähälaktoosinen","price":2.49,"storeId":725782447,"__typename":"Product","approxPrice":false,"basicQuantityUnit":"KPL","comparisonPrice":9.96,"comparisonUnit":"LTR","consumerPackageSize":null,"consumerPackageUnit":null,"priceUnit":"KPL","quantityMultiplier":1,"brandName":"Flora","slug":"flora-vanilja-vahalaktoosinen","isAgeLimitedByAlcohol":false,"frozen":false,"packagingLabels":["Sydänmerkki"],"packagingLabelCodes":["FINNISH_HEART_SYMBOL"],"hierarchyPath":[{"id":"Herkku_00000704","name":"Jälkiruokakastikkeet","slug":"maito-munat-ja-rasvat-0/ruoanvalmistustuotteet/jalkiruokakastikkeet","__typename":"HierarchyPathItem"},{"id":"Herkku_00000124","name":"Ruoanvalmistustuotteet","slug":"maito-munat-ja-rasvat-0/ruoanvalmistustuotteet","__typename":"HierarchyPathItem"},{"id":"Herkku_00000006","name":"Maito, munat ja rasvat","slug":"maito-munat-ja-rasvat-0","__typename":"HierarchyPathItem"}],"isGlobalFallback":null,"countryName":{"fi":"Ruotsi","__typename":"CountryName"}},{"id":"8719200191280","ean":"8719200191280","name":"Crème Bonjour 200g Valkosipuli tuorejuusto laktoositon","price":2.95,"storeId":725782447,"__typename":"Product","approxPrice":false,"basicQuantityUnit":"KPL","comparisonPrice":14.75,"comparisonUnit":"KGM","consumerPackageSize":null,"consumerPackageUnit":null,"priceUnit":"KPL","quantityMultiplier":1,"brandName":"Creme Bonjour","slug":"creme-bonjour-200g-valkosipuli-tuorejuusto-laktoositon","isAgeLimitedByAlcohol":false,"frozen":false,"packagingLabels":[],"packagingLabelCodes":[],"hierarchyPath":[{"id":"1591691244878258","name":"Levitettävät juustot","slug":"juustot-0/ruoka-ja-herkuttelujuustot/levitettavat-juustot","__typename":"HierarchyPathItem"},{"id":"1591691244827915","name":"Ruoka- ja herkuttelujuustot","slug":"juustot-0/ruoka-ja-herkuttelujuustot","__typename":"HierarchyPathItem"},{"id":"Herkku_00000003","name":"Juustot","slug":"juustot-0","__typename":"HierarchyPathItem"}],"isGlobalFallback":null,"countryName":{"fi":"Saksa","__typename":"CountryName"}},{"id":"8719200191440","ean":"8719200191440","name":"Crème Bonjour 200g Aurinkokuivattu Tomaatti tuorejuusto laktoositon","price":2.95,"storeId":725782447,"__typename":"Product","approxPrice":false,"basicQuantityUnit":"KPL","comparisonPrice":14.75,"comparisonUnit":"KGM","consumerPackageSize":null,"consumerPackageUnit":null,"priceUnit":"KPL","quantityMultiplier":1,"brandName":"Creme Bonjour","slug":"creme-bonjour-200g-aurinkokuivattu-tomaatti-tuorejuusto-laktoositon","isAgeLimitedByAlcohol":false,"frozen":false,"packagingLabels":[],"packagingLabelCodes":[],"hierarchyPath":[{"id":"1591691244878258","name":"Levitettävät juustot","slug":"juustot-0/ruoka-ja-herkuttelujuustot/levitettavat-juustot","__typename":"HierarchyPathItem"},{"id":"1591691244827915","name":"Ruoka- ja herkuttelujuustot","slug":"juustot-0/ruoka-ja-herkuttelujuustot","__typename":"HierarchyPathItem"},{"id":"Herkku_00000003","name":"Juustot","slug":"juustot-0","__typename":"HierarchyPathItem"}],"isGlobalFallback":null,"countryName":{"fi":"Saksa","__typename":"CountryName"}},{"id":"8719200191471","ean":"8719200191471","name":"Crème Bonjour 200g Kantarelli tuorejuusto laktoositon","price":2.95,"storeId":725782447,"__typename":"Product","approxPrice":false,"basicQuantityUnit":"KPL","comparisonPrice":14.75,"comparisonUnit":"KGM","consumerPackageSize":null,"consumerPackageUnit":null,"priceUnit":"KPL","quantityMultiplier":1,"brandName":"Creme Bonjour","slug":"creme-bonjour-200g-kantarelli-tuorejuusto-laktoositon","isAgeLimitedByAlcohol":false,"frozen":false,"packagingLabels":[],"packagingLabelCodes":[],"hierarchyPath":[{"id":"1591691244878258","name":"Levitettävät juustot","slug":"juustot-0/ruoka-ja-herkuttelujuustot/levitettavat-juustot","__typename":"HierarchyPathItem"},{"id":"1591691244827915","name":"Ruoka- ja herkuttelujuustot","slug":"juustot-0/ruoka-ja-herkuttelujuustot","__typename":"HierarchyPathItem"},{"id":"Herkku_00000003","name":"Juustot","slug":"juustot-0","__typename":"HierarchyPathItem"}],"isGlobalFallback":null,"countryName":{"fi":"Saksa","__typename":"CountryName"}},{"id":"8719200191501","ean":"8719200191501","name":"Crème Bonjour 200g Mustapippuri tuorejuusto laktoositon","price":2.95,"storeId":725782447,"__typename":"Product","approxPrice":false,"basicQuantityUnit":"KPL","comparisonPrice":14.75,"comparisonUnit":"KGM","consumerPackageSize":null,"consumerPackageUnit":null,"priceUnit":"KPL","quantityMultiplier":1,"brandName":"Creme Bonjour","slug":"creme-bonjour-200g-mustapippuri-tuorejuusto-laktoositon","isAgeLimitedByAlcohol":false,"frozen":false,"packagingLabels":[],"packagingLabelCodes":[],"hierarchyPath":[{"id":"1591691244878258","name":"Levitettävät juustot","slug":"juustot-0/ruoka-ja-herkuttelujuustot/levitettavat-juustot","__typename":"HierarchyPathItem"},{"id":"1591691244827915","name":"Ruoka- ja herkuttelujuustot","slug":"juustot-0/ruoka-ja-herkuttelujuustot","__typename":"HierarchyPathItem"},{"id":"Herkku_00000003","name":"Juustot","slug":"juustot-0","__typename":"HierarchyPathItem"}],"isGlobalFallback":null,"countryName":{"fi":"Saksa","__typename":"CountryName"}},{"id":"8719200191563","ean":"8719200191563","name":"Crème Bonjour 200g Yrttitarha tuorejuusto laktoositon","price":2.95,"storeId":725782447,"__typename":"Product","approxPrice":false,"basicQuantityUnit":"KPL","comparisonPrice":14.75,"comparisonUnit":"KGM","consumerPackageSize":null,"consumerPackageUnit":null,"priceUnit":"KPL","quantityMultiplier":1,"brandName":"Creme Bonjour","slug":"creme-bonjour-200g-yrttitarha-tuorejuusto-laktoositon","isAgeLimitedByAlcohol":false,"frozen":false,"packagingLabels":[],"packagingLabelCodes":[],"hierarchyPath":[{"id":"1591691244878258","name":"Levitettävät juustot","slug":"juustot-0/ruoka-ja-herkuttelujuustot/levitettavat-juustot","__typename":"HierarchyPathItem"},{"id":"1591691244827915","name":"Ruoka- ja herkuttelujuustot","slug":"juustot-0/ruoka-ja-herkuttelujuustot","__typename":"HierarchyPathItem"},{"id":"Herkku_00000003","name":"Juustot","slug":"juustot-0","__typename":"HierarchyPathItem"}],"isGlobalFallback":null,"countryName":{"fi":"Saksa","__typename":"CountryName"}},{"id":"8719200191594","ean":"8719200191594","name":"Crème Bonjour 200g Savuporo tuorejuusto laktoositon","price":2.95,"storeId":725782447,"__typename":"Product","approxPrice":false,"basicQuantityUnit":"KPL","comparisonPrice":14.75,"comparisonUnit":"KGM","consumerPackageSize":null,"consumerPackageUnit":null,"priceUnit":"KPL","quantityMultiplier":1,"brandName":"Creme Bonjour","slug":"creme-bonjour-200g-savuporo-tuorejuusto-laktoositon","isAgeLimitedByAlcohol":false,"frozen":false,"packagingLabels":[],"packagingLabelCodes":[],"hierarchyPath":[{"id":"1591691244878258","name":"Levitettävät juustot","slug":"juustot-0/ruoka-ja-herkuttelujuustot/levitettavat-juustot","__typename":"HierarchyPathItem"},{"id":"1591691244827915","name":"Ruoka- ja herkuttelujuustot","slug":"juustot-0/ruoka-ja-herkuttelujuustot","__typename":"HierarchyPathItem"},{"id":"Herkku_00000003","name":"Juustot","slug":"juustot-0","__typename":"HierarchyPathItem"}],"isGlobalFallback":null,"countryName":{"fi":"Saksa","__typename":"CountryName"}},{"id":"8719200191747","ean":"8719200191747","name":"Flora Kevyt & Paksu 4% 250ml","price":1.55,"storeId":725782447,"__typename":"Product","approxPrice":false,"basicQuantityUnit":"KPL","comparisonPrice":6.2,"comparisonUnit":"LTR","consumerPackageSize":null,"consumerPackageUnit":null,"priceUnit":"KPL","quantityMultiplier":1,"brandName":"Flora","slug":"flora-kevyt-and-paksu-4-250ml","isAgeLimitedByAlcohol":false,"frozen":false,"packagingLabels":[],"packagingLabelCodes":[],"hierarchyPath":[{"id":"1591691235643737","name":"Ruokakermat","slug":"maito-munat-ja-rasvat-0/kermat/ruokakermat","__typename":"HierarchyPathItem"},{"id":"1591691235643733","name":"Kermat","slug":"maito-munat-ja-rasvat-0/kermat","__typename":"HierarchyPathItem"},{"id":"Herkku_00000006","name":"Maito, munat ja rasvat","slug":"maito-munat-ja-rasvat-0","__typename":"HierarchyPathItem"}],"isGlobalFallback":null,"countryName":{"fi":"Ruotsi","__typename":"CountryName"}},{"id":"8719200192409","ean":"8719200192409","name":"Flora & Voi 400 G Merisuola","price":3.49,"storeId":725782447,"__typename":"Product","approxPrice":false,"basicQuantityUnit":"KPL","comparisonPrice":8.73,"comparisonUnit":"KGM","consumerPackageSize":null,"consumerPackageUnit":null,"priceUnit":"KPL","quantityMultiplier":1,"brandName":"Flora","slug":"flora-and-voi-400-g-merisuola","isAgeLimitedByAlcohol":false,"frozen":false,"packagingLabels":[],"packagingLabelCodes":[],"hierarchyPath":[{"id":"Herkku_00000294","name":"Voi","slug":"maito-munat-ja-rasvat-0/rasvat/voi","__typename":"HierarchyPathItem"},{"id":"Herkku_00000049","name":"Rasvat","slug":"maito-munat-ja-rasvat-0/rasvat","__typename":"HierarchyPathItem"},{"id":"Herkku_00000006","name":"Maito, munat ja rasvat","slug":"maito-munat-ja-rasvat-0","__typename":"HierarchyPathItem"}],"isGlobalFallback":null,"countryName":{"fi":"Ruotsi","__typename":"CountryName"}},{"id":"8719200225800","ean":"8719200225800","name":"Flora Kulta 75% 380g","price":2.95,"storeId":725782447,"__typename":"Product","approxPrice":false,"basicQuantityUnit":"KPL","comparisonPrice":7.76,"comparisonUnit":"KGM","consumerPackageSize":null,"consumerPackageUnit":null,"priceUnit":"KPL","quantityMultiplier":1,"brandName":"Flora","slug":"flora-kulta-75-380g","isAgeLimitedByAlcohol":false,"frozen":false,"packagingLabels":[],"packagingLabelCodes":[],"hierarchyPath":[{"id":"Herkku_00000299","name":"Margariinit","slug":"maito-munat-ja-rasvat-0/rasvat/margariinit","__typename":"HierarchyPathItem"},{"id":"Herkku_00000049","name":"Rasvat","slug":"maito-munat-ja-rasvat-0/rasvat","__typename":"HierarchyPathItem"},{"id":"Herkku_00000006","name":"Maito, munat ja rasvat","slug":"maito-munat-ja-rasvat-0","__typename":"HierarchyPathItem"}],"isGlobalFallback":null,"countryName":{"fi":"Ruotsi","__typename":"CountryName"}},{"id":"8719200225893","ean":"8719200225893","name":"Flora Normaalisuolainen 60% 380g","price":2.95,"storeId":725782447,"__typename":"Product","approxPrice":false,"basicQuantityUnit":"KPL","comparisonPrice":7.76,"comparisonUnit":"KGM","consumerPackageSize":null,"consumerPackageUnit":null,"priceUnit":"KPL","quantityMultiplier":1,"brandName":"Flora","slug":"flora-normaalisuolainen-60-380g","isAgeLimitedByAlcohol":false,"frozen":false,"packagingLabels":[],"packagingLabelCodes":[],"hierarchyPath":[{"id":"Herkku_00000299","name":"Margariinit","slug":"maito-munat-ja-rasvat-0/rasvat/margariinit","__typename":"HierarchyPathItem"},{"id":"Herkku_00000049","name":"Rasvat","slug":"maito-munat-ja-rasvat-0/rasvat","__typename":"HierarchyPathItem"},{"id":"Herkku_00000006","name":"Maito, munat ja rasvat","slug":"maito-munat-ja-rasvat-0","__typename":"HierarchyPathItem"}],"isGlobalFallback":null,"countryName":{"fi":"Ruotsi","__typename":"CountryName"}},{"id":"8719200225923","ean":"8719200225923","name":"Flora Normaalisuolainen 60% 550g","price":3.99,"storeId":725782447,"__typename":"Product","approxPrice":false,"basicQuantityUnit":"KPL","comparisonPrice":7.25,"comparisonUnit":"KGM","consumerPackageSize":null,"consumerPackageUnit":null,"priceUnit":"KPL","quantityMultiplier":1,"brandName":"Flora","slug":"flora-normaalisuolainen-60-550g","isAgeLimitedByAlcohol":false,"frozen":false,"packagingLabels":[],"packagingLabelCodes":[],"hierarchyPath":[{"id":"Herkku_00000299","name":"Margariinit","slug":"maito-munat-ja-rasvat-0/rasvat/margariinit","__typename":"HierarchyPathItem"},{"id":"Herkku_00000049","name":"Rasvat","slug":"maito-munat-ja-rasvat-0/rasvat","__typename":"HierarchyPathItem"},{"id":"Herkku_00000006","name":"Maito, munat ja rasvat","slug":"maito-munat-ja-rasvat-0","__typename":"HierarchyPathItem"}],"isGlobalFallback":null,"countryName":{"fi":"Ruotsi","__typename":"CountryName"}},{"id":"8719200225954","ean":"8719200225954","name":"Flora Laktoositon & Maidoton 380g","price":2.95,"storeId":725782447,"__typename":"Product","approxPrice":false,"basicQuantityUnit":"KPL","comparisonPrice":7.76,"comparisonUnit":"KGM","consumerPackageSize":null,"consumerPackageUnit":null,"priceUnit":"KPL","quantityMultiplier":1,"brandName":"Flora","slug":"flora-laktoositon-and-maidoton-380g","isAgeLimitedByAlcohol":false,"frozen":false,"packagingLabels":[],"packagingLabelCodes":[],"hierarchyPath":[{"id":"Herkku_00000299","name":"Margariinit","slug":"maito-munat-ja-rasvat-0/rasvat/margariinit","__typename":"HierarchyPathItem"},{"id":"Herkku_00000049","name":"Rasvat","slug":"maito-munat-ja-rasvat-0/rasvat","__typename":"HierarchyPathItem"},{"id":"Herkku_00000006","name":"Maito, munat ja rasvat","slug":"maito-munat-ja-rasvat-0","__typename":"HierarchyPathItem"}],"isGlobalFallback":null,"countryName":{"fi":"Ruotsi","__typename":"CountryName"}},{"id":"8719200235366","ean":"8719200235366","name":"Becel 380g Kevyt 38% kasvirasvalevite","price":3.89,"storeId":725782447,"__typename":"Product","approxPrice":false,"basicQuantityUnit":"KPL","comparisonPrice":10.24,"comparisonUnit":"KGM","consumerPackageSize":null,"consumerPackageUnit":null,"priceUnit":"KPL","quantityMultiplier":1,"brandName":"Becel","slug":"becel-380g-kevyt-38-kasvirasvalevite","isAgeLimitedByAlcohol":false,"frozen":false,"packagingLabels":["Sydänmerkki"," V Label Vegan"],"packagingLabelCodes":["EUROPEAN_V_LABEL_VEGAN"," FINNISH_HEART_SYMBOL"],"hierarchyPath":[{"id":"Herkku_00000299","name":"Margariinit","slug":"maito-munat-ja-rasvat-0/rasvat/margariinit","__typename":"HierarchyPathItem"},{"id":"Herkku_00000049","name":"Rasvat","slug":"maito-munat-ja-rasvat-0/rasvat","__typename":"HierarchyPathItem"},{"id":"Herkku_00000006","name":"Maito, munat ja rasvat","slug":"maito-munat-ja-rasvat-0","__typename":"HierarchyPathItem"}],"isGlobalFallback":null,"countryName":{"fi":"Ruotsi","__typename":"CountryName"}},{"id":"8719200235816","ean":"8719200235816","name":"Becel Original 60% 380g margariini","price":3.89,"storeId":725782447,"__typename":"Product","approxPrice":false,"basicQuantityUnit":"KPL","comparisonPrice":10.24,"comparisonUnit":"KGM","consumerPackageSize":null,"consumerPackageUnit":null,"priceUnit":"KPL","quantityMultiplier":1,"brandName":"Becel","slug":"becel-original-60-380g-margariini","isAgeLimitedByAlcohol":false,"frozen":false,"packagingLabels":["Sydänmerkki"," V Label Vegan"],"packagingLabelCodes":["EUROPEAN_V_LABEL_VEGAN"," FINNISH_HEART_SYMBOL"],"hierarchyPath":[{"id":"Herkku_00000299","name":"Margariinit","slug":"maito-munat-ja-rasvat-0/rasvat/margariinit","__typename":"HierarchyPathItem"},{"id":"Herkku_00000049","name":"Rasvat","slug":"maito-munat-ja-rasvat-0/rasvat","__typename":"HierarchyPathItem"},{"id":"Herkku_00000006","name":"Maito, munat ja rasvat","slug":"maito-munat-ja-rasvat-0","__typename":"HierarchyPathItem"}],"isGlobalFallback":null,"countryName":{"fi":"Ruotsi","__typename":"CountryName"}},{"id":"8720181085048","ean":"8720181085048","name":"Sun Classic Täyttöpakkaus Konetiskiaine Tiivistetty Ympäristömerkki Tehokasta Pesukertaa 1 kg 58 pesua","price":5.49,"storeId":725782447,"__typename":"Product","approxPrice":false,"basicQuantityUnit":"KPL","comparisonPrice":5.49,"comparisonUnit":"KGM","consumerPackageSize":null,"consumerPackageUnit":null,"priceUnit":"KPL","quantityMultiplier":1,"brandName":"Sun","slug":"sun-classic-tayttopakkaus-konetiskiaine-tiivistetty-ymparistomerkki-tehokasta-pesukertaa-1-kg-58-pesua","isAgeLimitedByAlcohol":false,"frozen":false,"packagingLabels":["EU:n ympäristömerkki (EU-kukka)"],"packagingLabelCodes":["EU_ECO_LABEL"],"hierarchyPath":[{"id":"1591691234596269","name":"Konetiskiaineet","slug":"kodinhoito-ja-taloustarvikkeet/astianpesu/konetiskiaineet","__typename":"HierarchyPathItem"},{"id":"1591691234596262","name":"Astianpesu","slug":"kodinhoito-ja-taloustarvikkeet/astianpesu","__typename":"HierarchyPathItem"},{"id":"1591691234596256","name":"Kodinhoito ja taloustarvikkeet","slug":"kodinhoito-ja-taloustarvikkeet","__typename":"HierarchyPathItem"}],"isGlobalFallback":null,"countryName":{"fi":"Ranska","__typename":"CountryName"}},{"id":"8720181180286","ean":"8720181180286","name":"Dove Care By Nature Glowing Ritual Suihkusaippua lootuskukkauutteen ja riisiveden tuoksu kosteuttaa ja pehmentää ihoa välittömästi 225 ml","price":2.69,"storeId":725782447,"__typename":"Product","approxPrice":false,"basicQuantityUnit":"KPL","comparisonPrice":11.96,"comparisonUnit":"LTR","consumerPackageSize":null,"consumerPackageUnit":null,"priceUnit":"KPL","quantityMultiplier":1,"brandName":"Dove","slug":"dove-care-by-nature-glowing-ritual-suihkusaippua-lootuskukkauutteen-ja-riisiveden-tuoksu-kosteuttaa-ja-pehmentaa-ihoa-valittomas","isAgeLimitedByAlcohol":false,"frozen":false,"packagingLabels":[],"packagingLabelCodes":[],"hierarchyPath":[{"id":"1591691233415960","name":"Naisten suihkusaippuat","slug":"kosmetiikka-ja-hygienia/saippuat-ja-pesutarvikkeet/naisten-suihkusaippuat","__typename":"HierarchyPathItem"},{"id":"1591691233415959","name":"Saippuat ja pesutarvikkeet","slug":"kosmetiikka-ja-hygienia/saippuat-ja-pesutarvikkeet","__typename":"HierarchyPathItem"},{"id":"1591691233334707","name":"Kosmetiikka ja hygienia","slug":"kosmetiikka-ja-hygienia","__typename":"HierarchyPathItem"}],"isGlobalFallback":null,"countryName":{"fi":"Saksa","__typename":"CountryName"}},{"id":"8720181192111","ean":"8720181192111","name":"Axe Epic Fresh Deodorantti vartalosuihke 48 h suoja Hikoilua vastaan 150 ml","price":5.65,"storeId":725782447,"__typename":"Product","approxPrice":false,"basicQuantityUnit":"KPL","comparisonPrice":37.67,"comparisonUnit":"LTR","consumerPackageSize":null,"consumerPackageUnit":null,"priceUnit":"KPL","quantityMultiplier":1,"brandName":"AXE","slug":"axe-epic-fresh-deodorantti-vartalosuihke-48-h-suoja-hikoilua-vastaan-150-ml","isAgeLimitedByAlcohol":false,"frozen":false,"packagingLabels":[],"packagingLabelCodes":[],"hierarchyPath":[{"id":"1591691233467959","name":"Miesten deodorantit","slug":"kosmetiikka-ja-hygienia/deodorantit-ja-tuoksut/miesten-deodorantit","__typename":"HierarchyPathItem"},{"id":"1591691233467944","name":"Deodorantit ja tuoksut","slug":"kosmetiikka-ja-hygienia/deodorantit-ja-tuoksut","__typename":"HierarchyPathItem"},{"id":"1591691233334707","name":"Kosmetiikka ja hygienia","slug":"kosmetiikka-ja-hygienia","__typename":"HierarchyPathItem"}],"isGlobalFallback":null,"countryName":{"fi":"Iso-Britannia","__typename":"CountryName"}},{"id":"8720182104014","ean":"8720182104014","name":"Knorr Liemikuutio Liha 20x10g","price":2.19,"storeId":725782447,"__typename":"Product","approxPrice":false,"basicQuantityUnit":"KPL","comparisonPrice":10.95,"comparisonUnit":"KGM","consumerPackageSize":null,"consumerPackageUnit":null,"priceUnit":"KPL","quantityMultiplier":1,"brandName":"Knorr","slug":"knorr-liemikuutio-liha-20x10g","isAgeLimitedByAlcohol":false,"frozen":false,"packagingLabels":["FSC mix (Forest Stewardship Council)"," Green Dot"],"packagingLabelCodes":["FOREST_STEWARDSHIP_COUNCIL_MIX"," GREEN_DOT"],"hierarchyPath":[{"id":"Herkku_00000411","name":"Lihaliemet","slug":"oljyt-mausteet-maustaminen-1/liemivalmisteet-ja-fondit/lihaliemet","__typename":"HierarchyPathItem"},{"id":"Herkku_00000074","name":"Liemivalmisteet ja fondit","slug":"oljyt-mausteet-maustaminen-1/liemivalmisteet-ja-fondit","__typename":"HierarchyPathItem"},{"id":"Herkku_00000011","name":"Öljyt, mausteet, maustaminen","slug":"oljyt-mausteet-maustaminen-1","__typename":"HierarchyPathItem"}],"isGlobalFallback":null,"countryName":{"fi":"Portugali","__typename":"CountryName"}},{"id":"8720182105837","ean":"8720182105837","name":"Knorr Liemikuutio Kasvis 20x10g","price":2.49,"storeId":725782447,"__typename":"Product","approxPrice":false,"basicQuantityUnit":"KPL","comparisonPrice":12.45,"comparisonUnit":"KGM","consumerPackageSize":null,"consumerPackageUnit":null,"priceUnit":"KPL","quantityMultiplier":1,"brandName":"Knorr","slug":"knorr-liemikuutio-kasvis-20x10g","isAgeLimitedByAlcohol":false,"frozen":false,"packagingLabels":["FSC mix (Forest Stewardship Council)"," Green Dot"," V Label Vegan"],"packagingLabelCodes":["EUROPEAN_V_LABEL_VEGAN"," FOREST_STEWARDSHIP_COUNCIL_MIX"," GREEN_DOT"],"hierarchyPath":[{"id":"Herkku_00000408","name":"Kasvisliemet","slug":"oljyt-mausteet-maustaminen-1/liemivalmisteet-ja-fondit/kasvisliemet","__typename":"HierarchyPathItem"},{"id":"Herkku_00000074","name":"Liemivalmisteet ja fondit","slug":"oljyt-mausteet-maustaminen-1/liemivalmisteet-ja-fondit","__typename":"HierarchyPathItem"},{"id":"Herkku_00000011","name":"Öljyt, mausteet, maustaminen","slug":"oljyt-mausteet-maustaminen-1","__typename":"HierarchyPathItem"}],"isGlobalFallback":null,"countryName":{"fi":"Portugali","__typename":"CountryName"}},{"id":"8720182406651","ean":"8720182406651","name":"Knorr Carbonara Spaghetteria pasta-ateria Pekonia ja juustoa 154 g","price":2.39,"storeId":725782447,"__typename":"Product","approxPrice":false,"basicQuantityUnit":"KPL","comparisonPrice":15.52,"comparisonUnit":"KGM","consumerPackageSize":null,"consumerPackageUnit":null,"priceUnit":"KPL","quantityMultiplier":1,"brandName":"Knorr","slug":"knorr-carbonara-spaghetteria-pasta-ateria-pekonia-ja-juustoa-154-g","isAgeLimitedByAlcohol":false,"frozen":false,"packagingLabels":[],"packagingLabelCodes":[],"hierarchyPath":[{"id":"Herkku_00000467","name":"Valmiit ateriaratkaisut","slug":"kuivatuotteet-ja-leivonta-1/ateria-ainekset/valmiit-ateriaratkaisut","__typename":"HierarchyPathItem"},{"id":"Herkku_00000087","name":"Ateria-ainekset","slug":"kuivatuotteet-ja-leivonta-1/ateria-ainekset","__typename":"HierarchyPathItem"},{"id":"Herkku_00000007","name":"Kuivatuotteet ja leivonta","slug":"kuivatuotteet-ja-leivonta-1","__typename":"HierarchyPathItem"}],"isGlobalFallback":null,"countryName":{"fi":"Romania","__typename":"CountryName"}},{"id":"8720182408587","ean":"8720182408587","name":"Knorr Pinaattipasta Spaghetteria pasta-ateria Juustoa ja pinaattia 160 g","price":2.39,"storeId":725782447,"__typename":"Product","approxPrice":false,"basicQuantityUnit":"KPL","comparisonPrice":14.94,"comparisonUnit":"KGM","consumerPackageSize":null,"consumerPackageUnit":null,"priceUnit":"KPL","quantityMultiplier":1,"brandName":"Knorr","slug":"knorr-pinaattipasta-spaghetteria-pasta-ateria-juustoa-ja-pinaattia-160-g","isAgeLimitedByAlcohol":false,"frozen":false,"packagingLabels":[],"packagingLabelCodes":[],"hierarchyPath":[{"id":"Herkku_00000467","name":"Valmiit ateriaratkaisut","slug":"kuivatuotteet-ja-leivonta-1/ateria-ainekset/valmiit-ateriaratkaisut","__typename":"HierarchyPathItem"},{"id":"Herkku_00000087","name":"Ateria-ainekset","slug":"kuivatuotteet-ja-leivonta-1/ateria-ainekset","__typename":"HierarchyPathItem"},{"id":"Herkku_00000007","name":"Kuivatuotteet ja leivonta","slug":"kuivatuotteet-ja-leivonta-1","__typename":"HierarchyPathItem"}],"isGlobalFallback":null,"countryName":{"fi":"Saksa","__typename":"CountryName"}},{"id":"8720211193361","ean":"8720211193361","name":"Bang Energy Drink Miami Cola 0,5l tölkki","price":2.4899999999999998,"storeId":725782447,"__typename":"Product","approxPrice":false,"basicQuantityUnit":"KPL","comparisonPrice":4.68,"comparisonUnit":"LTR","consumerPackageSize":null,"consumerPackageUnit":null,"priceUnit":"KPL","quantityMultiplier":1,"brandName":"Bang Energy","slug":"bang-energy-drink-miami-cola-0-5l-tolkki","isAgeLimitedByAlcohol":false,"frozen":false,"packagingLabels":["Kierrätysmerkki"],"packagingLabelCodes":["RECYCLABLE_GENERAL_CLAIM"],"hierarchyPath":[{"id":"1591691224561835","name":"Energiajuomat","slug":"juomat-1/energiajuomat-ja-urheilujuomat/energiajuomat","__typename":"HierarchyPathItem"},{"id":"1591691224561833","name":"Energiajuomat ja urheilujuomat","slug":"juomat-1/energiajuomat-ja-urheilujuomat","__typename":"HierarchyPathItem"},{"id":"Herkku_00000005","name":"Juomat","slug":"juomat-1","__typename":"HierarchyPathItem"}],"isGlobalFallback":null,"countryName":{"fi":"Puola","__typename":"CountryName"}},{"id":"8720608007660","ean":"8720608007660","name":"Lipton  Musta tee  Yellow Label Decaf  36g 20p","price":3.15,"storeId":725782447,"__typename":"Product","approxPrice":false,"basicQuantityUnit":"KPL","comparisonPrice":78.75,"comparisonUnit":"KGM","consumerPackageSize":null,"consumerPackageUnit":null,"priceUnit":"KPL","quantityMultiplier":1,"brandName":"Lipton","slug":"lipton-musta-tee-yellow-label-decaf-36g-20p","isAgeLimitedByAlcohol":false,"frozen":false,"packagingLabels":["PEFC certified"," Rainforest alliance certified (Sammakko-merkki)"],"packagingLabelCodes":["PEFC_CERTIFIED"," RAINFOREST_ALLIANCE"],"hierarchyPath":[{"id":"Herkku_00000514","name":"Pussitee","slug":"juomat-1/teet/pussitee","__typename":"HierarchyPathItem"},{"id":"Herkku_00000091","name":"Teet","slug":"juomat-1/teet","__typename":"HierarchyPathItem"},{"id":"Herkku_00000005","name":"Juomat","slug":"juomat-1","__typename":"HierarchyPathItem"}],"isGlobalFallback":null,"countryName":{"fi":"Puola","__typename":"CountryName"}},{"id":"8720701032606","ean":"8720701032606","name":"Sence Collection lahjapakkaus Men Modern Rich 2 kpl","price":4.99,"storeId":725782447,"__typename":"Product","approxPrice":false,"basicQuantityUnit":"KPL","comparisonPrice":2.5,"comparisonUnit":"PCE","consumerPackageSize":null,"consumerPackageUnit":null,"priceUnit":"KPL","quantityMultiplier":1,"brandName":"SENCE COLLECTION","slug":"sence-collection-lahjapakkaus-men-modern-rich-2-kpl","isAgeLimitedByAlcohol":false,"frozen":false,"packagingLabels":[],"packagingLabelCodes":[],"hierarchyPath":[{"id":"1591691233832765","name":"Lahjapakkaukset","slug":"kosmetiikka-ja-hygienia/muut-kosmetiikka-ja-hygieniatuotteet/lahjapakkaukset","__typename":"HierarchyPathItem"},{"id":"1591691233832153","name":"Muut kosmetiikka ja hygieniatuotteet","slug":"kosmetiikka-ja-hygienia/muut-kosmetiikka-ja-hygieniatuotteet","__typename":"HierarchyPathItem"},{"id":"1591691233334707","name":"Kosmetiikka ja hygienia","slug":"kosmetiikka-ja-hygienia","__typename":"HierarchyPathItem"}],"isGlobalFallback":null,"countryName":{"fi":"Kiina","__typename":"CountryName"}},{"id":"8720701032668","ean":"8720701032668","name":"Sence Collection lahjapakkaus Men Modern Rich body care 3 kpl","price":6.99,"storeId":725782447,"__typename":"Product","approxPrice":false,"basicQuantityUnit":"KPL","comparisonPrice":2.33,"comparisonUnit":"PCE","consumerPackageSize":null,"consumerPackageUnit":null,"priceUnit":"KPL","quantityMultiplier":1,"brandName":"SENCE COLLECTION","slug":"sence-collection-lahjapakkaus-men-modern-rich-body-care-3-kpl","isAgeLimitedByAlcohol":false,"frozen":false,"packagingLabels":[],"packagingLabelCodes":[],"hierarchyPath":[{"id":"1591691233832765","name":"Lahjapakkaukset","slug":"kosmetiikka-ja-hygienia/muut-kosmetiikka-ja-hygieniatuotteet/lahjapakkaukset","__typename":"HierarchyPathItem"},{"id":"1591691233832153","name":"Muut kosmetiikka ja hygieniatuotteet","slug":"kosmetiikka-ja-hygienia/muut-kosmetiikka-ja-hygieniatuotteet","__typename":"HierarchyPathItem"},{"id":"1591691233334707","name":"Kosmetiikka ja hygienia","slug":"kosmetiikka-ja-hygienia","__typename":"HierarchyPathItem"}],"isGlobalFallback":null,"countryName":{"fi":"Kiina","__typename":"CountryName"}},{"id":"8722700069324","ean":"8722700069324","name":"Knorr Family Lasagne Ateria-aines Ei lisättyä sokeria Helppo ja nopea tehdä 363 g 6 annosta","price":4.75,"storeId":725782447,"__typename":"Product","approxPrice":false,"basicQuantityUnit":"KPL","comparisonPrice":13.09,"comparisonUnit":"KGM","consumerPackageSize":null,"consumerPackageUnit":null,"priceUnit":"KPL","quantityMultiplier":1,"brandName":"Knorr","slug":"knorr-family-lasagne-ateria-aines-ei-lisattya-sokeria-helppo-ja-nopea-tehda-363-g-6-annosta","isAgeLimitedByAlcohol":false,"frozen":false,"packagingLabels":[],"packagingLabelCodes":[],"hierarchyPath":[{"id":"Herkku_00000471","name":"Lasagneainekset","slug":"kuivatuotteet-ja-leivonta-1/ateria-ainekset/lasagneainekset","__typename":"HierarchyPathItem"},{"id":"Herkku_00000087","name":"Ateria-ainekset","slug":"kuivatuotteet-ja-leivonta-1/ateria-ainekset","__typename":"HierarchyPathItem"},{"id":"Herkku_00000007","name":"Kuivatuotteet ja leivonta","slug":"kuivatuotteet-ja-leivonta-1","__typename":"HierarchyPathItem"}],"isGlobalFallback":null,"countryName":{"fi":"Puola","__typename":"CountryName"}},{"id":"8722700085072","ean":"8722700085072","name":"Knorr Tomaattikeitto mascarponejuustolla ja auringonkuivatuilla tomaateilla Keitto Täyteläinen Ei lisättyä sokeria 570 ml","price":3.55,"storeId":725782447,"__typename":"Product","approxPrice":false,"basicQuantityUnit":"KPL","comparisonPrice":6.23,"comparisonUnit":"LTR","consumerPackageSize":null,"consumerPackageUnit":null,"priceUnit":"KPL","quantityMultiplier":1,"brandName":"Knorr","slug":"knorr-tomaattikeitto-mascarponejuustolla-ja-auringonkuivatuilla-tomaateilla-keitto-taytelainen-ei-lisattya-sokeria-570-ml","isAgeLimitedByAlcohol":false,"frozen":false,"packagingLabels":[],"packagingLabelCodes":[],"hierarchyPath":[{"id":"Herkku_00000474","name":"Valmiit keitot","slug":"kuivatuotteet-ja-leivonta-1/ateria-ainekset/valmiit-keitot","__typename":"HierarchyPathItem"},{"id":"Herkku_00000087","name":"Ateria-ainekset","slug":"kuivatuotteet-ja-leivonta-1/ateria-ainekset","__typename":"HierarchyPathItem"},{"id":"Herkku_00000007","name":"Kuivatuotteet ja leivonta","slug":"kuivatuotteet-ja-leivonta-1","__typename":"HierarchyPathItem"}],"isGlobalFallback":null,"countryName":{"fi":"Puola","__typename":"CountryName"}},{"id":"8850987101083","ean":"8850987101083","name":"Mama Itämainen katkaravunmakuinen nuudeli 60g","price":0.79,"storeId":725782447,"__typename":"Product","approxPrice":false,"basicQuantityUnit":"KPL","comparisonPrice":13.17,"comparisonUnit":"KGM","consumerPackageSize":null,"consumerPackageUnit":null,"priceUnit":"KPL","quantityMultiplier":1,"brandName":"Mama","slug":"mama-itamainen-katkaravunmakuinen-nuudeli-60g","isAgeLimitedByAlcohol":false,"frozen":false,"packagingLabels":[],"packagingLabelCodes":[],"hierarchyPath":[{"id":"Herkku_00000487","name":"Annosnuudelit","slug":"kuivatuotteet-ja-leivonta-1/riisit-pastat-ja-nuudelit/annosnuudelit","__typename":"HierarchyPathItem"},{"id":"Herkku_00000088","name":"Riisit, pastat ja nuudelit","slug":"kuivatuotteet-ja-leivonta-1/riisit-pastat-ja-nuudelit","__typename":"HierarchyPathItem"},{"id":"Herkku_00000007","name":"Kuivatuotteet ja leivonta","slug":"kuivatuotteet-ja-leivonta-1","__typename":"HierarchyPathItem"}],"isGlobalFallback":null,"countryName":{"fi":"Thaimaa","__typename":"CountryName"}},{"id":"8850987101090","ean":"8850987101090","name":"Mama Kananmakuinen nuudeli 55g","price":0.79,"storeId":725782447,"__typename":"Product","approxPrice":false,"basicQuantityUnit":"KPL","comparisonPrice":14.36,"comparisonUnit":"KGM","consumerPackageSize":null,"consumerPackageUnit":null,"priceUnit":"KPL","quantityMultiplier":1,"brandName":"Mama","slug":"mama-kananmakuinen-nuudeli-55g","isAgeLimitedByAlcohol":false,"frozen":false,"packagingLabels":[],"packagingLabelCodes":[],"hierarchyPath":[{"id":"Herkku_00000487","name":"Annosnuudelit","slug":"kuivatuotteet-ja-leivonta-1/riisit-pastat-ja-nuudelit/annosnuudelit","__typename":"HierarchyPathItem"},{"id":"Herkku_00000088","name":"Riisit, pastat ja nuudelit","slug":"kuivatuotteet-ja-leivonta-1/riisit-pastat-ja-nuudelit","__typename":"HierarchyPathItem"},{"id":"Herkku_00000007","name":"Kuivatuotteet ja leivonta","slug":"kuivatuotteet-ja-leivonta-1","__typename":"HierarchyPathItem"}],"isGlobalFallback":null,"countryName":{"fi":"Thaimaa","__typename":"CountryName"}},{"id":"8850987128547","ean":"8850987128547","name":"Mama Katkaravunmakuinen nuudeli creamy tom yum 90g","price":0.85,"storeId":725782447,"__typename":"Product","approxPrice":false,"basicQuantityUnit":"KPL","comparisonPrice":9.44,"comparisonUnit":"KGM","consumerPackageSize":null,"consumerPackageUnit":null,"priceUnit":"KPL","quantityMultiplier":1,"brandName":"Mama","slug":"mama-katkaravunmakuinen-nuudeli-creamy-tom-yum-90g","isAgeLimitedByAlcohol":false,"frozen":false,"packagingLabels":[],"packagingLabelCodes":[],"hierarchyPath":[{"id":"Herkku_00000487","name":"Annosnuudelit","slug":"kuivatuotteet-ja-leivonta-1/riisit-pastat-ja-nuudelit/annosnuudelit","__typename":"HierarchyPathItem"},{"id":"Herkku_00000088","name":"Riisit, pastat ja nuudelit","slug":"kuivatuotteet-ja-leivonta-1/riisit-pastat-ja-nuudelit","__typename":"HierarchyPathItem"},{"id":"Herkku_00000007","name":"Kuivatuotteet ja leivonta","slug":"kuivatuotteet-ja-leivonta-1","__typename":"HierarchyPathItem"}],"isGlobalFallback":null,"countryName":{"fi":"Thaimaa","__typename":"CountryName"}},{"id":"8850987128561","ean":"8850987128561","name":"Mama Kanamakuinen nuudeli 90g","price":0.85,"storeId":725782447,"__typename":"Product","approxPrice":false,"basicQuantityUnit":"KPL","comparisonPrice":9.44,"comparisonUnit":"KGM","consumerPackageSize":null,"consumerPackageUnit":null,"priceUnit":"KPL","quantityMultiplier":1,"brandName":"Mama","slug":"mama-kanamakuinen-nuudeli-90g","isAgeLimitedByAlcohol":false,"frozen":false,"packagingLabels":[],"packagingLabelCodes":[],"hierarchyPath":[{"id":"Herkku_00000487","name":"Annosnuudelit","slug":"kuivatuotteet-ja-leivonta-1/riisit-pastat-ja-nuudelit/annosnuudelit","__typename":"HierarchyPathItem"},{"id":"Herkku_00000088","name":"Riisit, pastat ja nuudelit","slug":"kuivatuotteet-ja-leivonta-1/riisit-pastat-ja-nuudelit","__typename":"HierarchyPathItem"},{"id":"Herkku_00000007","name":"Kuivatuotteet ja leivonta","slug":"kuivatuotteet-ja-leivonta-1","__typename":"HierarchyPathItem"}],"isGlobalFallback":null,"countryName":{"fi":"Thaimaa","__typename":"CountryName"}},{"id":"8850987141478","ean":"8850987141478","name":"Mama Itämainen vihanneksenmakuinen nuudeli 60g","price":0.79,"storeId":725782447,"__typename":"Product","approxPrice":false,"basicQuantityUnit":"KPL","comparisonPrice":13.17,"comparisonUnit":"KGM","consumerPackageSize":null,"consumerPackageUnit":null,"priceUnit":"KPL","quantityMultiplier":1,"brandName":"Mama","slug":"mama-itamainen-vihanneksenmakuinen-nuudeli-60g","isAgeLimitedByAlcohol":false,"frozen":false,"packagingLabels":[],"packagingLabelCodes":[],"hierarchyPath":[{"id":"Herkku_00000487","name":"Annosnuudelit","slug":"kuivatuotteet-ja-leivonta-1/riisit-pastat-ja-nuudelit/annosnuudelit","__typename":"HierarchyPathItem"},{"id":"Herkku_00000088","name":"Riisit, pastat ja nuudelit","slug":"kuivatuotteet-ja-leivonta-1/riisit-pastat-ja-nuudelit","__typename":"HierarchyPathItem"},{"id":"Herkku_00000007","name":"Kuivatuotteet ja leivonta","slug":"kuivatuotteet-ja-leivonta-1","__typename":"HierarchyPathItem"}],"isGlobalFallback":null,"countryName":{"fi":"Thaimaa","__typename":"CountryName"}},{"id":"8850987142604","ean":"8850987142604","name":"Mama Itämainen kananmakuinen täysjyvänuudeli 60g","price":0.79,"storeId":725782447,"__typename":"Product","approxPrice":false,"basicQuantityUnit":"KPL","comparisonPrice":13.17,"comparisonUnit":"KGM","consumerPackageSize":null,"consumerPackageUnit":null,"priceUnit":"KPL","quantityMultiplier":1,"brandName":"Mama","slug":"mama-itamainen-kananmakuinen-taysjyvanuudeli-60g","isAgeLimitedByAlcohol":false,"frozen":false,"packagingLabels":[],"packagingLabelCodes":[],"hierarchyPath":[{"id":"Herkku_00000487","name":"Annosnuudelit","slug":"kuivatuotteet-ja-leivonta-1/riisit-pastat-ja-nuudelit/annosnuudelit","__typename":"HierarchyPathItem"},{"id":"Herkku_00000088","name":"Riisit, pastat ja nuudelit","slug":"kuivatuotteet-ja-leivonta-1/riisit-pastat-ja-nuudelit","__typename":"HierarchyPathItem"},{"id":"Herkku_00000007","name":"Kuivatuotteet ja leivonta","slug":"kuivatuotteet-ja-leivonta-1","__typename":"HierarchyPathItem"}],"isGlobalFallback":null,"countryName":{"fi":"Thaimaa","__typename":"CountryName"}},{"id":"8850987143854","ean":"8850987143854","name":"Mama Itämainen kananmakuinen kuppinuudeli 70g","price":1.89,"storeId":725782447,"__typename":"Product","approxPrice":false,"basicQuantityUnit":"KPL","comparisonPrice":27,"comparisonUnit":"KGM","consumerPackageSize":null,"consumerPackageUnit":null,"priceUnit":"KPL","quantityMultiplier":1,"brandName":"Mama","slug":"mama-itamainen-kananmakuinen-kuppinuudeli-70g","isAgeLimitedByAlcohol":false,"frozen":false,"packagingLabels":[],"packagingLabelCodes":[],"hierarchyPath":[{"id":"Herkku_00000487","name":"Annosnuudelit","slug":"kuivatuotteet-ja-leivonta-1/riisit-pastat-ja-nuudelit/annosnuudelit","__typename":"HierarchyPathItem"},{"id":"Herkku_00000088","name":"Riisit, pastat ja nuudelit","slug":"kuivatuotteet-ja-leivonta-1/riisit-pastat-ja-nuudelit","__typename":"HierarchyPathItem"},{"id":"Herkku_00000007","name":"Kuivatuotteet ja leivonta","slug":"kuivatuotteet-ja-leivonta-1","__typename":"HierarchyPathItem"}],"isGlobalFallback":null,"countryName":{"fi":"Thaimaa","__typename":"CountryName"}},{"id":"8850987146602","ean":"8850987146602","name":"Mama 6-pack Katkaravunmakuinen nuudeli 6x60g","price":3.45,"storeId":725782447,"__typename":"Product","approxPrice":false,"basicQuantityUnit":"KPL","comparisonPrice":9.58,"comparisonUnit":"KGM","consumerPackageSize":null,"consumerPackageUnit":null,"priceUnit":"KPL","quantityMultiplier":1,"brandName":"Mama","slug":"mama-6-pack-katkaravunmakuinen-nuudeli-6x60g","isAgeLimitedByAlcohol":false,"frozen":false,"packagingLabels":[],"packagingLabelCodes":[],"hierarchyPath":[{"id":"Herkku_00000487","name":"Annosnuudelit","slug":"kuivatuotteet-ja-leivonta-1/riisit-pastat-ja-nuudelit/annosnuudelit","__typename":"HierarchyPathItem"},{"id":"Herkku_00000088","name":"Riisit, pastat ja nuudelit","slug":"kuivatuotteet-ja-leivonta-1/riisit-pastat-ja-nuudelit","__typename":"HierarchyPathItem"},{"id":"Herkku_00000007","name":"Kuivatuotteet ja leivonta","slug":"kuivatuotteet-ja-leivonta-1","__typename":"HierarchyPathItem"}],"isGlobalFallback":null,"countryName":{"fi":"Thaimaa","__typename":"CountryName"}},{"id":"8850987146619","ean":"8850987146619","name":"Mama 6-pack Kananmakuinen nuudeli 6x55g","price":3.25,"storeId":725782447,"__typename":"Product","approxPrice":false,"basicQuantityUnit":"KPL","comparisonPrice":9.85,"comparisonUnit":"KGM","consumerPackageSize":null,"consumerPackageUnit":null,"priceUnit":"KPL","quantityMultiplier":1,"brandName":"Mama","slug":"mama-6-pack-kananmakuinen-nuudeli-6x55g","isAgeLimitedByAlcohol":false,"frozen":false,"packagingLabels":[],"packagingLabelCodes":[],"hierarchyPath":[{"id":"Herkku_00000487","name":"Annosnuudelit","slug":"kuivatuotteet-ja-leivonta-1/riisit-pastat-ja-nuudelit/annosnuudelit","__typename":"HierarchyPathItem"},{"id":"Herkku_00000088","name":"Riisit, pastat ja nuudelit","slug":"kuivatuotteet-ja-leivonta-1/riisit-pastat-ja-nuudelit","__typename":"HierarchyPathItem"},{"id":"Herkku_00000007","name":"Kuivatuotteet ja leivonta","slug":"kuivatuotteet-ja-leivonta-1","__typename":"HierarchyPathItem"}],"isGlobalFallback":null,"countryName":{"fi":"Thaimaa","__typename":"CountryName"}},{"id":"8850987146626","ean":"8850987146626","name":"Mama 6-pack Lihanmakuinen nuudeli 6x60g","price":3.35,"storeId":725782447,"__typename":"Product","approxPrice":false,"basicQuantityUnit":"KPL","comparisonPrice":9.31,"comparisonUnit":"KGM","consumerPackageSize":null,"consumerPackageUnit":null,"priceUnit":"KPL","quantityMultiplier":1,"brandName":"Mama","slug":"mama-6-pack-lihanmakuinen-nuudeli-6x60g","isAgeLimitedByAlcohol":false,"frozen":false,"packagingLabels":[],"packagingLabelCodes":[],"hierarchyPath":[{"id":"Herkku_00000487","name":"Annosnuudelit","slug":"kuivatuotteet-ja-leivonta-1/riisit-pastat-ja-nuudelit/annosnuudelit","__typename":"HierarchyPathItem"},{"id":"Herkku_00000088","name":"Riisit, pastat ja nuudelit","slug":"kuivatuotteet-ja-leivonta-1/riisit-pastat-ja-nuudelit","__typename":"HierarchyPathItem"},{"id":"Herkku_00000007","name":"Kuivatuotteet ja leivonta","slug":"kuivatuotteet-ja-leivonta-1","__typename":"HierarchyPathItem"}],"isGlobalFallback":null,"countryName":{"fi":"Thaimaa","__typename":"CountryName"}},{"id":"8850987148729","ean":"8850987148729","name":"Mama Spicy Chicken Flavour 90g","price":0.85,"storeId":725782447,"__typename":"Product","approxPrice":false,"basicQuantityUnit":"KPL","comparisonPrice":9.44,"comparisonUnit":"KGM","consumerPackageSize":null,"consumerPackageUnit":null,"priceUnit":"KPL","quantityMultiplier":1,"brandName":"Mama","slug":"mama-spicy-chicken-flavour-90g","isAgeLimitedByAlcohol":false,"frozen":false,"packagingLabels":[],"packagingLabelCodes":[],"hierarchyPath":[{"id":"Herkku_00000487","name":"Annosnuudelit","slug":"kuivatuotteet-ja-leivonta-1/riisit-pastat-ja-nuudelit/annosnuudelit","__typename":"HierarchyPathItem"},{"id":"Herkku_00000088","name":"Riisit, pastat ja nuudelit","slug":"kuivatuotteet-ja-leivonta-1/riisit-pastat-ja-nuudelit","__typename":"HierarchyPathItem"},{"id":"Herkku_00000007","name":"Kuivatuotteet ja leivonta","slug":"kuivatuotteet-ja-leivonta-1","__typename":"HierarchyPathItem"}],"isGlobalFallback":null,"countryName":{"fi":"Thaimaa","__typename":"CountryName"}},{"id":"8850987149283","ean":"8850987149283","name":"5x Mama Kanamakuinen nuudeli 90g","price":3.95,"storeId":725782447,"__typename":"Product","approxPrice":false,"basicQuantityUnit":"KPL","comparisonPrice":8.78,"comparisonUnit":"KGM","consumerPackageSize":null,"consumerPackageUnit":null,"priceUnit":"KPL","quantityMultiplier":1,"brandName":"Mama","slug":"5x-mama-kanamakuinen-nuudeli-90g","isAgeLimitedByAlcohol":false,"frozen":false,"packagingLabels":[],"packagingLabelCodes":[],"hierarchyPath":[{"id":"Herkku_00000487","name":"Annosnuudelit","slug":"kuivatuotteet-ja-leivonta-1/riisit-pastat-ja-nuudelit/annosnuudelit","__typename":"HierarchyPathItem"},{"id":"Herkku_00000088","name":"Riisit, pastat ja nuudelit","slug":"kuivatuotteet-ja-leivonta-1/riisit-pastat-ja-nuudelit","__typename":"HierarchyPathItem"},{"id":"Herkku_00000007","name":"Kuivatuotteet ja leivonta","slug":"kuivatuotteet-ja-leivonta-1","__typename":"HierarchyPathItem"}],"isGlobalFallback":null,"countryName":{"fi":"Thaimaa","__typename":"CountryName"}},{"id":"8850987201042","ean":"8850987201042","name":"Mama Kirkas riisivermiselli keitto 55g","price":0.85,"storeId":725782447,"__typename":"Product","approxPrice":false,"basicQuantityUnit":"KPL","comparisonPrice":15.45,"comparisonUnit":"KGM","consumerPackageSize":null,"consumerPackageUnit":null,"priceUnit":"KPL","quantityMultiplier":1,"brandName":"Mama","slug":"mama-kirkas-riisivermiselli-keitto-55g","isAgeLimitedByAlcohol":false,"frozen":false,"packagingLabels":[],"packagingLabelCodes":[],"hierarchyPath":[{"id":"Herkku_00000487","name":"Annosnuudelit","slug":"kuivatuotteet-ja-leivonta-1/riisit-pastat-ja-nuudelit/annosnuudelit","__typename":"HierarchyPathItem"},{"id":"Herkku_00000088","name":"Riisit, pastat ja nuudelit","slug":"kuivatuotteet-ja-leivonta-1/riisit-pastat-ja-nuudelit","__typename":"HierarchyPathItem"},{"id":"Herkku_00000007","name":"Kuivatuotteet ja leivonta","slug":"kuivatuotteet-ja-leivonta-1","__typename":"HierarchyPathItem"}],"isGlobalFallback":null,"countryName":{"fi":"Thaimaa","__typename":"CountryName"}},{"id":"8851876201549","ean":"8851876201549","name":"Mama Riisinuudeli 225g","price":2.45,"storeId":725782447,"__typename":"Product","approxPrice":false,"basicQuantityUnit":"KPL","comparisonPrice":10.89,"comparisonUnit":"KGM","consumerPackageSize":null,"consumerPackageUnit":null,"priceUnit":"KPL","quantityMultiplier":1,"brandName":"Mama","slug":"mama-riisinuudeli-225g","isAgeLimitedByAlcohol":false,"frozen":false,"packagingLabels":[],"packagingLabelCodes":[],"hierarchyPath":[{"id":"Herkku_00000488","name":"Nuudelit","slug":"kuivatuotteet-ja-leivonta-1/riisit-pastat-ja-nuudelit/nuudelit","__typename":"HierarchyPathItem"},{"id":"Herkku_00000088","name":"Riisit, pastat ja nuudelit","slug":"kuivatuotteet-ja-leivonta-1/riisit-pastat-ja-nuudelit","__typename":"HierarchyPathItem"},{"id":"Herkku_00000007","name":"Kuivatuotteet ja leivonta","slug":"kuivatuotteet-ja-leivonta-1","__typename":"HierarchyPathItem"}],"isGlobalFallback":null,"countryName":{"fi":"Thaimaa","__typename":"CountryName"}},{"id":"8851876201754","ean":"8851876201754","name":"Mama Riisinuudeli kananmaku 55g","price":0.75,"storeId":725782447,"__typename":"Product","approxPrice":false,"basicQuantityUnit":"KPL","comparisonPrice":13.64,"comparisonUnit":"KGM","consumerPackageSize":null,"consumerPackageUnit":null,"priceUnit":"KPL","quantityMultiplier":1,"brandName":"Mama","slug":"mama-riisinuudeli-kananmaku-55g","isAgeLimitedByAlcohol":false,"frozen":false,"packagingLabels":[],"packagingLabelCodes":[],"hierarchyPath":[{"id":"Herkku_00000487","name":"Annosnuudelit","slug":"kuivatuotteet-ja-leivonta-1/riisit-pastat-ja-nuudelit/annosnuudelit","__typename":"HierarchyPathItem"},{"id":"Herkku_00000088","name":"Riisit, pastat ja nuudelit","slug":"kuivatuotteet-ja-leivonta-1/riisit-pastat-ja-nuudelit","__typename":"HierarchyPathItem"},{"id":"Herkku_00000007","name":"Kuivatuotteet ja leivonta","slug":"kuivatuotteet-ja-leivonta-1","__typename":"HierarchyPathItem"}],"isGlobalFallback":null,"countryName":{"fi":"Thaimaa","__typename":"CountryName"}},{"id":"8851876201778","ean":"8851876201778","name":"Mama Riisinuudeli vihanneksenmaku 55g","price":0.79,"storeId":725782447,"__typename":"Product","approxPrice":false,"basicQuantityUnit":"KPL","comparisonPrice":14.36,"comparisonUnit":"KGM","consumerPackageSize":null,"consumerPackageUnit":null,"priceUnit":"KPL","quantityMultiplier":1,"brandName":"Mama","slug":"mama-riisinuudeli-vihanneksenmaku-55g","isAgeLimitedByAlcohol":false,"frozen":false,"packagingLabels":[],"packagingLabelCodes":[],"hierarchyPath":[{"id":"Herkku_00000487","name":"Annosnuudelit","slug":"kuivatuotteet-ja-leivonta-1/riisit-pastat-ja-nuudelit/annosnuudelit","__typename":"HierarchyPathItem"},{"id":"Herkku_00000088","name":"Riisit, pastat ja nuudelit","slug":"kuivatuotteet-ja-leivonta-1/riisit-pastat-ja-nuudelit","__typename":"HierarchyPathItem"},{"id":"Herkku_00000007","name":"Kuivatuotteet ja leivonta","slug":"kuivatuotteet-ja-leivonta-1","__typename":"HierarchyPathItem"}],"isGlobalFallback":null,"countryName":{"fi":"Thaimaa","__typename":"CountryName"}},{"id":"8855702006827","ean":"8855702006827","name":"350g Kitchen Joy Thai-Cube Tikka Masala -kanaa ja jasmiiniriisiä, pakasteateria","price":4.45,"storeId":725782447,"__typename":"Product","approxPrice":false,"basicQuantityUnit":"KPL","comparisonPrice":12.71,"comparisonUnit":"KGM","consumerPackageSize":null,"consumerPackageUnit":null,"priceUnit":"KPL","quantityMultiplier":1,"brandName":"Kitchen Joy","slug":"350g-kitchen-joy-thai-cube-tikka-masala-kanaa-ja-jasmiiniriisia-pakasteateria","isAgeLimitedByAlcohol":false,"frozen":true,"packagingLabels":[],"packagingLabelCodes":[],"hierarchyPath":[{"id":"1591691225905845","name":"Valmiit pakasteateriat","slug":"pakasteet-1/pakasteateriat/valmiit-pakasteateriat","__typename":"HierarchyPathItem"},{"id":"Herkku_00000129","name":"Pakasteateriat","slug":"pakasteet-1/pakasteateriat","__typename":"HierarchyPathItem"},{"id":"Herkku_00000013","name":"Pakasteet","slug":"pakasteet-1","__typename":"HierarchyPathItem"}],"isGlobalFallback":null,"countryName":{"fi":"Thaimaa","__typename":"CountryName"}},{"id":"8855702006834","ean":"8855702006834","name":"350g Kitchen JoyThai-Cube Sweet and Sour -kanaa ja jasmiiniriisiä, pakasteateria","price":4.45,"storeId":725782447,"__typename":"Product","approxPrice":false,"basicQuantityUnit":"KPL","comparisonPrice":12.71,"comparisonUnit":"KGM","consumerPackageSize":null,"consumerPackageUnit":null,"priceUnit":"KPL","quantityMultiplier":1,"brandName":"Kitchen Joy","slug":"350g-kitchen-joythai-cube-sweet-and-sour-kanaa-ja-jasmiiniriisia-pakasteateria","isAgeLimitedByAlcohol":false,"frozen":true,"packagingLabels":[],"packagingLabelCodes":[],"hierarchyPath":[{"id":"1591691225905845","name":"Valmiit pakasteateriat","slug":"pakasteet-1/pakasteateriat/valmiit-pakasteateriat","__typename":"HierarchyPathItem"},{"id":"Herkku_00000129","name":"Pakasteateriat","slug":"pakasteet-1/pakasteateriat","__typename":"HierarchyPathItem"},{"id":"Herkku_00000013","name":"Pakasteet","slug":"pakasteet-1","__typename":"HierarchyPathItem"}],"isGlobalFallback":null,"countryName":{"fi":"Thaimaa","__typename":"CountryName"}},{"id":"8855702006957","ean":"8855702006957","name":"350g Kitchen Joy Thai-Cube Red Curry -kanaa ja  jasmiiniriisiä, pakasteateria","price":4.45,"storeId":725782447,"__typename":"Product","approxPrice":false,"basicQuantityUnit":"KPL","comparisonPrice":12.71,"comparisonUnit":"KGM","consumerPackageSize":null,"consumerPackageUnit":null,"priceUnit":"KPL","quantityMultiplier":1,"brandName":"Kitchen Joy","slug":"350g-kitchen-joy-thai-cube-red-curry-kanaa-ja-jasmiiniriisia-pakasteateria","isAgeLimitedByAlcohol":false,"frozen":true,"packagingLabels":["Green Dot"],"packagingLabelCodes":["GREEN_DOT"],"hierarchyPath":[{"id":"1591691225905845","name":"Valmiit pakasteateriat","slug":"pakasteet-1/pakasteateriat/valmiit-pakasteateriat","__typename":"HierarchyPathItem"},{"id":"Herkku_00000129","name":"Pakasteateriat","slug":"pakasteet-1/pakasteateriat","__typename":"HierarchyPathItem"},{"id":"Herkku_00000013","name":"Pakasteet","slug":"pakasteet-1","__typename":"HierarchyPathItem"}],"isGlobalFallback":null,"countryName":{"fi":"Thaimaa","__typename":"CountryName"}},{"id":"8855702007749","ean":"8855702007749","name":"350g Kitchen Joy Thai-Cube Sweet Chili Teriyaki -kanaa ja jamiiniriisiä pakasteateria","price":4.45,"storeId":725782447,"__typename":"Product","approxPrice":false,"basicQuantityUnit":"KPL","comparisonPrice":12.71,"comparisonUnit":"KGM","consumerPackageSize":null,"consumerPackageUnit":null,"priceUnit":"KPL","quantityMultiplier":1,"brandName":"Kitchen Joy","slug":"350g-kitchen-joy-thai-cube-sweet-chili-teriyaki-kanaa-ja-jamiiniriisia-pakasteateria","isAgeLimitedByAlcohol":false,"frozen":true,"packagingLabels":[],"packagingLabelCodes":[],"hierarchyPath":[{"id":"1591691225905845","name":"Valmiit pakasteateriat","slug":"pakasteet-1/pakasteateriat/valmiit-pakasteateriat","__typename":"HierarchyPathItem"},{"id":"Herkku_00000129","name":"Pakasteateriat","slug":"pakasteet-1/pakasteateriat","__typename":"HierarchyPathItem"},{"id":"Herkku_00000013","name":"Pakasteet","slug":"pakasteet-1","__typename":"HierarchyPathItem"}],"isGlobalFallback":null,"countryName":{"fi":"Thaimaa","__typename":"CountryName"}},{"id":"8858984830326","ean":"8858984830326","name":"350g Kitchen Joy Thai-Cube Panang curry -kanaa ja jasmiiniriisiä, pakasteateria","price":4.45,"storeId":725782447,"__typename":"Product","approxPrice":false,"basicQuantityUnit":"KPL","comparisonPrice":12.71,"comparisonUnit":"KGM","consumerPackageSize":null,"consumerPackageUnit":null,"priceUnit":"KPL","quantityMultiplier":1,"brandName":"Kitchen Joy","slug":"350g-kitchen-joy-thai-cube-panang-curry-kanaa-ja-jasmiiniriisia-pakasteateria","isAgeLimitedByAlcohol":false,"frozen":true,"packagingLabels":[],"packagingLabelCodes":[],"hierarchyPath":[{"id":"1591691225905845","name":"Valmiit pakasteateriat","slug":"pakasteet-1/pakasteateriat/valmiit-pakasteateriat","__typename":"HierarchyPathItem"},{"id":"Herkku_00000129","name":"Pakasteateriat","slug":"pakasteet-1/pakasteateriat","__typename":"HierarchyPathItem"},{"id":"Herkku_00000013","name":"Pakasteet","slug":"pakasteet-1","__typename":"HierarchyPathItem"}],"isGlobalFallback":null,"countryName":{"fi":"Thaimaa","__typename":"CountryName"}},{"id":"8888056707928","ean":"8888056707928","name":"Yoodles Noodles 85g Country Chicken nuudelit","price":0.59,"storeId":725782447,"__typename":"Product","approxPrice":false,"basicQuantityUnit":"KPL","comparisonPrice":6.94,"comparisonUnit":"KGM","consumerPackageSize":null,"consumerPackageUnit":null,"priceUnit":"KPL","quantityMultiplier":1,"brandName":"Yoodles","slug":"yoodles-noodles-85g-country-chicken-nuudelit","isAgeLimitedByAlcohol":false,"frozen":false,"packagingLabels":[],"packagingLabelCodes":[],"hierarchyPath":[{"id":"Herkku_00000487","name":"Annosnuudelit","slug":"kuivatuotteet-ja-leivonta-1/riisit-pastat-ja-nuudelit/annosnuudelit","__typename":"HierarchyPathItem"},{"id":"Herkku_00000088","name":"Riisit, pastat ja nuudelit","slug":"kuivatuotteet-ja-leivonta-1/riisit-pastat-ja-nuudelit","__typename":"HierarchyPathItem"},{"id":"Herkku_00000007","name":"Kuivatuotteet ja leivonta","slug":"kuivatuotteet-ja-leivonta-1","__typename":"HierarchyPathItem"}],"isGlobalFallback":null,"countryName":{"fi":"Singapore","__typename":"CountryName"}},{"id":"9001616003141","ean":"9001616003141","name":"Ainu Mam Teat 2 2kpl 2+kk normaali silikonipullotutti","price":5.69,"storeId":725782447,"__typename":"Product","approxPrice":false,"basicQuantityUnit":"KPL","comparisonPrice":2.85,"comparisonUnit":"PCE","consumerPackageSize":null,"consumerPackageUnit":null,"priceUnit":"KPL","quantityMultiplier":1,"brandName":"Ainu MAM","slug":"ainu-mam-teat-2-2kpl-2kk-normaali-silikonipullotutti","isAgeLimitedByAlcohol":false,"frozen":false,"packagingLabels":[],"packagingLabelCodes":[],"hierarchyPath":[{"id":"1591691232339314","name":"Tuttipullot ja -tarvikkeet","slug":"lapset-1/tutit-ja-ruokailuvalineet/tuttipullot-ja-tarvikkeet","__typename":"HierarchyPathItem"},{"id":"1591691232339312","name":"Tutit ja ruokailuvälineet","slug":"lapset-1/tutit-ja-ruokailuvalineet","__typename":"HierarchyPathItem"},{"id":"Herkku_00000010","name":"Lapset","slug":"lapset-1","__typename":"HierarchyPathItem"}],"isGlobalFallback":null,"countryName":{"fi":"Unkari","__typename":"CountryName"}},{"id":"9001616101779","ean":"9001616101779","name":"Ainu Mam Original 2kpl Silk Teat 6-16kk silikonitutti","price":6.55,"storeId":725782447,"__typename":"Product","approxPrice":false,"basicQuantityUnit":"KPL","comparisonPrice":3.28,"comparisonUnit":"PCE","consumerPackageSize":null,"consumerPackageUnit":null,"priceUnit":"KPL","quantityMultiplier":1,"brandName":"Ainu","slug":"ainu-mam-original-2kpl-silk-teat-6-16kk-silikonitutti","isAgeLimitedByAlcohol":false,"frozen":false,"packagingLabels":[],"packagingLabelCodes":[],"hierarchyPath":[{"id":"1591691232339313","name":"Tutit ja tuttinauhat","slug":"lapset-1/tutit-ja-ruokailuvalineet/tutit-ja-tuttinauhat","__typename":"HierarchyPathItem"},{"id":"1591691232339312","name":"Tutit ja ruokailuvälineet","slug":"lapset-1/tutit-ja-ruokailuvalineet","__typename":"HierarchyPathItem"},{"id":"Herkku_00000010","name":"Lapset","slug":"lapset-1","__typename":"HierarchyPathItem"}],"isGlobalFallback":null,"countryName":{"fi":"Unkari","__typename":"CountryName"}},{"id":"9001616107061","ean":"9001616107061","name":"Ainu Mam Air tutti 2kpl, silikoni 6-16kk","price":6.55,"storeId":725782447,"__typename":"Product","approxPrice":false,"basicQuantityUnit":"KPL","comparisonPrice":3.28,"comparisonUnit":"PCE","consumerPackageSize":null,"consumerPackageUnit":null,"priceUnit":"KPL","quantityMultiplier":1,"brandName":"Ainu MAM","slug":"ainu-mam-air-tutti-2kpl-silikoni-6-16kk","isAgeLimitedByAlcohol":false,"frozen":false,"packagingLabels":[],"packagingLabelCodes":[],"hierarchyPath":[{"id":"1591691232339313","name":"Tutit ja tuttinauhat","slug":"lapset-1/tutit-ja-ruokailuvalineet/tutit-ja-tuttinauhat","__typename":"HierarchyPathItem"},{"id":"1591691232339312","name":"Tutit ja ruokailuvälineet","slug":"lapset-1/tutit-ja-ruokailuvalineet","__typename":"HierarchyPathItem"},{"id":"Herkku_00000010","name":"Lapset","slug":"lapset-1","__typename":"HierarchyPathItem"}],"isGlobalFallback":null,"countryName":{"fi":"Unkari","__typename":"CountryName"}},{"id":"9001616286551","ean":"9001616286551","name":"Ainu Mam Air tutti 2kpl, silikoni 0-6 kk","price":6.55,"storeId":725782447,"__typename":"Product","approxPrice":false,"basicQuantityUnit":"KPL","comparisonPrice":3.28,"comparisonUnit":"PCE","consumerPackageSize":null,"consumerPackageUnit":null,"priceUnit":"KPL","quantityMultiplier":1,"brandName":"Ainu MAM","slug":"ainu-mam-air-tutti-2kpl-silikoni-0-6-kk","isAgeLimitedByAlcohol":false,"frozen":false,"packagingLabels":[],"packagingLabelCodes":[],"hierarchyPath":[{"id":"1591691232339313","name":"Tutit ja tuttinauhat","slug":"lapset-1/tutit-ja-ruokailuvalineet/tutit-ja-tuttinauhat","__typename":"HierarchyPathItem"},{"id":"1591691232339312","name":"Tutit ja ruokailuvälineet","slug":"lapset-1/tutit-ja-ruokailuvalineet","__typename":"HierarchyPathItem"},{"id":"Herkku_00000010","name":"Lapset","slug":"lapset-1","__typename":"HierarchyPathItem"}],"isGlobalFallback":null,"countryName":{"fi":"Unkari","__typename":"CountryName"}},{"id":"9001616690884","ean":"9001616690884","name":"Ainu MAM Easy Start - Anti-Colic 160ml tuttipullo","price":6.85,"storeId":725782447,"__typename":"Product","approxPrice":false,"basicQuantityUnit":"KPL","comparisonPrice":6.85,"comparisonUnit":"PCE","consumerPackageSize":null,"consumerPackageUnit":null,"priceUnit":"KPL","quantityMultiplier":1,"brandName":"Ainu","slug":"ainu-mam-easy-start-anti-colic-160ml-tuttipullo","isAgeLimitedByAlcohol":false,"frozen":false,"packagingLabels":[],"packagingLabelCodes":[],"hierarchyPath":[{"id":"1591691232339314","name":"Tuttipullot ja -tarvikkeet","slug":"lapset-1/tutit-ja-ruokailuvalineet/tuttipullot-ja-tarvikkeet","__typename":"HierarchyPathItem"},{"id":"1591691232339312","name":"Tutit ja ruokailuvälineet","slug":"lapset-1/tutit-ja-ruokailuvalineet","__typename":"HierarchyPathItem"},{"id":"Herkku_00000010","name":"Lapset","slug":"lapset-1","__typename":"HierarchyPathItem"}],"isGlobalFallback":null,"countryName":{"fi":"Itävalta","__typename":"CountryName"}},{"id":"9002490100773","ean":"9002490100773","name":"Red Bull Energiajuoma 0,25l","price":1.99,"storeId":725782447,"__typename":"Product","approxPrice":false,"basicQuantityUnit":"KPL","comparisonPrice":7.36,"comparisonUnit":"LTR","consumerPackageSize":null,"consumerPackageUnit":null,"priceUnit":"KPL","quantityMultiplier":1,"brandName":"Red Bull","slug":"red-bull-energiajuoma-0-25l","isAgeLimitedByAlcohol":false,"frozen":false,"packagingLabels":[],"packagingLabelCodes":[],"hierarchyPath":[{"id":"1591691224561835","name":"Energiajuomat","slug":"juomat-1/energiajuomat-ja-urheilujuomat/energiajuomat","__typename":"HierarchyPathItem"},{"id":"1591691224561833","name":"Energiajuomat ja urheilujuomat","slug":"juomat-1/energiajuomat-ja-urheilujuomat","__typename":"HierarchyPathItem"},{"id":"Herkku_00000005","name":"Juomat","slug":"juomat-1","__typename":"HierarchyPathItem"}],"isGlobalFallback":null,"countryName":{"fi":"Sveitsi","__typename":"CountryName"}},{"id":"9002490200602","ean":"9002490200602","name":"Red Bull Sugarfree 0,25l","price":1.99,"storeId":725782447,"__typename":"Product","approxPrice":false,"basicQuantityUnit":"KPL","comparisonPrice":7.36,"comparisonUnit":"LTR","consumerPackageSize":null,"consumerPackageUnit":null,"priceUnit":"KPL","quantityMultiplier":1,"brandName":"Red Bull","slug":"red-bull-sugarfree-0-25l","isAgeLimitedByAlcohol":false,"frozen":false,"packagingLabels":["Kierrätysmerkki"],"packagingLabelCodes":["RECYCLABLE_GENERAL_CLAIM"],"hierarchyPath":[{"id":"1591691224561835","name":"Energiajuomat","slug":"juomat-1/energiajuomat-ja-urheilujuomat/energiajuomat","__typename":"HierarchyPathItem"},{"id":"1591691224561833","name":"Energiajuomat ja urheilujuomat","slug":"juomat-1/energiajuomat-ja-urheilujuomat","__typename":"HierarchyPathItem"},{"id":"Herkku_00000005","name":"Juomat","slug":"juomat-1","__typename":"HierarchyPathItem"}],"isGlobalFallback":null,"countryName":{"fi":"Itävalta","__typename":"CountryName"}},{"id":"9002490207878","ean":"9002490207878","name":"Red Bull Energiajuoma 0,355l","price":2.69,"storeId":725782447,"__typename":"Product","approxPrice":false,"basicQuantityUnit":"KPL","comparisonPrice":7.15,"comparisonUnit":"LTR","consumerPackageSize":null,"consumerPackageUnit":null,"priceUnit":"KPL","quantityMultiplier":1,"brandName":"Red Bull","slug":"red-bull-energiajuoma-0-355l","isAgeLimitedByAlcohol":false,"frozen":false,"packagingLabels":[],"packagingLabelCodes":[],"hierarchyPath":[{"id":"1591691224561835","name":"Energiajuomat","slug":"juomat-1/energiajuomat-ja-urheilujuomat/energiajuomat","__typename":"HierarchyPathItem"},{"id":"1591691224561833","name":"Energiajuomat ja urheilujuomat","slug":"juomat-1/energiajuomat-ja-urheilujuomat","__typename":"HierarchyPathItem"},{"id":"Herkku_00000005","name":"Juomat","slug":"juomat-1","__typename":"HierarchyPathItem"}],"isGlobalFallback":null,"countryName":{"fi":"Itävalta","__typename":"CountryName"}},{"id":"9002490245672","ean":"9002490245672","name":"Red Bull Sugarfree 0,355l","price":2.69,"storeId":725782447,"__typename":"Product","approxPrice":false,"basicQuantityUnit":"KPL","comparisonPrice":7.15,"comparisonUnit":"LTR","consumerPackageSize":null,"consumerPackageUnit":null,"priceUnit":"KPL","quantityMultiplier":1,"brandName":"Red Bull","slug":"red-bull-sugarfree-0-355l","isAgeLimitedByAlcohol":false,"frozen":false,"packagingLabels":[],"packagingLabelCodes":[],"hierarchyPath":[{"id":"1591691224561835","name":"Energiajuomat","slug":"juomat-1/energiajuomat-ja-urheilujuomat/energiajuomat","__typename":"HierarchyPathItem"},{"id":"1591691224561833","name":"Energiajuomat ja urheilujuomat","slug":"juomat-1/energiajuomat-ja-urheilujuomat","__typename":"HierarchyPathItem"},{"id":"Herkku_00000005","name":"Juomat","slug":"juomat-1","__typename":"HierarchyPathItem"}],"isGlobalFallback":null,"countryName":{"fi":"Itävalta","__typename":"CountryName"}},{"id":"9789523343344","ean":"9789523343344","name":"Maxi-Tex 41","price":10.95,"storeId":725782447,"__typename":"Product","approxPrice":false,"basicQuantityUnit":"KPL","comparisonPrice":10.95,"comparisonUnit":"PCE","consumerPackageSize":null,"consumerPackageUnit":null,"priceUnit":"KPL","quantityMultiplier":1,"brandName":null,"slug":"maxi-tex-41","isAgeLimitedByAlcohol":false,"frozen":false,"packagingLabels":[],"packagingLabelCodes":[],"hierarchyPath":[{"id":"1591691235308101","name":"Aikakauslehdet","slug":"koti-ja-vapaa-aika/lehdet/aikakauslehdet","__typename":"HierarchyPathItem"},{"id":"1591691235308100","name":"Lehdet","slug":"koti-ja-vapaa-aika/lehdet","__typename":"HierarchyPathItem"},{"id":"Herkku_00000002","name":"Koti ja vapaa-aika","slug":"koti-ja-vapaa-aika","__typename":"HierarchyPathItem"}],"isGlobalFallback":null,"countryName":{"fi":"Suomi","__typename":"CountryName"}},{"id":"9789527236550","ean":"9789527236550","name":"Kodin Suosikit","price":9.9,"storeId":725782447,"__typename":"Product","approxPrice":false,"basicQuantityUnit":"KPL","comparisonPrice":9.9,"comparisonUnit":"PCE","consumerPackageSize":null,"consumerPackageUnit":null,"priceUnit":"KPL","quantityMultiplier":1,"brandName":null,"slug":"kodin-suosikit","isAgeLimitedByAlcohol":false,"frozen":false,"packagingLabels":[],"packagingLabelCodes":[],"hierarchyPath":[{"id":"1591691235308101","name":"Aikakauslehdet","slug":"koti-ja-vapaa-aika/lehdet/aikakauslehdet","__typename":"HierarchyPathItem"},{"id":"1591691235308100","name":"Lehdet","slug":"koti-ja-vapaa-aika/lehdet","__typename":"HierarchyPathItem"},{"id":"Herkku_00000002","name":"Koti ja vapaa-aika","slug":"koti-ja-vapaa-aika","__typename":"HierarchyPathItem"}],"isGlobalFallback":null,"countryName":{"fi":"Suomi","__typename":"CountryName"}}],"structuredFacets":[{"key":"brandName","stringValue":["2GO","A. Le Coq","Aakkoset","Abba","Abbelen","Abu Fuad","Accentra","Actimel","Activia","adidas","After Eight","Aino","Ainu","Ainu MAM","AIR VAL","Airam","Airwaves","AITO","Akro","Alentaja","Alepa","Allerum","Almondy","Alpen","Alpro","Always","Amalthia","AMARILLO","Amergrip","Amerplast","Andelslaget Närpes Grönsaker Osuuskunta","Annas","Anyday Nuts","Apetina","Apetit","Arki","Arla","Arla Keso","Arla Lempi","Arla Luonto+","Arla Protein","Arla Tolkuttomat Juustot","Arvid Nordquist","Athena","Atria","Atria Kunnon arki","Aura","Auran","Avengers","Aviko","AXE","Baby Shark","Balconi","Ballerina","Bang Energy","Barebells","Barilla","Batiste","Battery","Bavaria","BE-KIND","BEAR","Becel","Belvita","Ben & Jerry's","Ben's Original","Benecol","Berni","Best Friend","BiC","Billys","Bimi","Bioska","Blistex","bliw","Bloks","Blue Dragon","Blå Band","Bon Bon","Bon Soya","Bonaqua","Bonduelle","Bonne","Borges","Bounty","Brazil","Bread Snacks","Breezer","Brunberg","Budejovicky Budvar","Cailap","Calcia","Calvo","Capsi","Carr's","Carrefour Soft","Castelli","Castello","CC Kalenterit","Celsius","Cesar","Cessibon","Champ","Cheerios","Chef Lunden","Chiquita","Chupa Chups","Classic","Clipper","Cloetta","Coca-Cola","Colgate","Comfort","Coop","Corega","Corny","Corny Big","Corona","Creme Bonjour","Crisp","Crowmoor","Dagsmark","Daim","Danerolles","Dansukker","DanUp","Del Monte","Deliciest","Delitalo","Delphi","Den Lille Nøttefabrikken","Dexal","DLN","Dolce Gusto","Dole","Dolmio","Doritos","Dove","Dovgan","Dr. Beckmann","Dr. Oetker","Dreamies","Dronningholm","Duck","Earth Control","Eau My Unicorn","Echina Power","Efko","Ehrmann","Eila","Ekströms","Elovena","Elvital","Erisan","Erittäin Hieno Suomalainen","Estrella","Euro-East","Exotic Snacks","Extra","Fairy","FalaBros","FALLERO","Family Fresh","Fanta","FAST","Fattorie Giacobazzi","Fazer","Fazer Aito","Fazer Paahto","Fazer Real","Fazer Willja","Felix","Fever Tree","Filipinos","Filos","Finchy","Findus","Fisherman's Friend","Fitness","FIZZ","Flora","FN global Meat","Foodin","Forssan","Foxtel","Fragata","Fredman","Fresh","Frezza","Fria","Friggs","Friskies","Frizc","Frolic","Froosh","Frozen","Fructis","Fruitfunk","Frödinge","Fun Light","Gainomax","Garage","Garnier","Gefilus","Gillette","Glade","Go-Tan","God Morgon","GoGreen","Gourmet Gold","Gourmet Perle","Granarolo","Grand Dessert","Grandi","Grandiosa","Greendeli","Görans","Halva","Hankkija-Maatalous","Haribo","Hart-Sport","Hartwall","Hartwall Jaffa","Hartwall Original Long Drink","Hau-Hau Champion","Hauska","Havi","Havu","Head & Shoulders","Heartbrand","Heineken","Heinz","Hellema","Hellmann's","Helsingin Makkaratehdas","Herbamare","Herkku","Herkku Preps","Herkkujuustola","Herkkumaa","Hermesetas","Herra Hakkarainen","Hesburger","HK","Hochland","Hoviruoka","Hubba Bubba","Hunajainen Sam","Hunajayhtymä","Hyvä Apaja","Hälsans Kök","Hätälä","Ibero","Ingman","Ingmariini","Innocent","Jacky","Jalostaja","Jalotofu","Jannis","Jenkki","Jenkki Enjoy","Jenkki Professional","John West","Jokilaakson Juusto","Jordan","Jozo","Juhla Mokka","Juissi","JURASSIC WORLD","Jussinhannan Leipä","Juustoportti","Juustoportti Hyvin","Jyväbroiler","Jättis","Kalinka","Kane’s","Kantolan","Karen Volf","Karhu","Kariniemen","Karl Fazer","Kartanon","Karto","Kasvis Galleria","Kavli","Keiju","Keiju Valkea","Keisari","Kellogg's","Kiilto","Kikkoman","Kinder","Kingfa","Kingis","Kit Kat","Kitchen Joy","KitKat","Kivikylän","Knorr","Koff","Kokkikartano","Kolmen Kaverin Jäätelö","Komero","Kopparberg","Korpela","KOSKENLASKIJA LAKT","Kotimaista","Kotisinappi","Kotiuunin","Kotivara","Kronenbourg","Kultamuna","Kuusamon Juusto","La Mia Grande","Labello","Lacto Line","Lagom","Lahden Erikois","Laitilan Kanatarha","Laitilan Kukko","Lantmännen","Lapin Liha","Lapin Maria","Latz","Lavazza","Leader","Leijona","Leipomo Rosten","Leivon","Leivon Leipomo","Leksands","Libero","Libero Comfort","Libero Newborn","Libresse","Liepuskan","Lifa Air","Lindt","Linkosuo","Lipton","Listerine","Look","Lotus","LU","Lumene","Lunden","LUX-Tools","LV","Läkerol Dents","Löfbergs","Maatilan Parhaat","Mad Croc","Maggi","Magnesan","Magnesia","Magnum","Maille","Maizena","Makrobios","Makula","Makuliha","Malaco","Malaco Aakkoset","Malaco TV Mix","Maldon","Malviala","Mama","Maple Joe","Marabou","Marimekko","Marli","Mars","Marsalkka","MARTINELIA","Marvel","Mattila Bros.","Maxell","Maxim","Mayeri","Medisoft","Megaforce","Mehukatti","Mehustamo","Meira","Melitta","Memmas Knossos","Mentos","Mesimestari","Miyata","Mjau","Moilas","Moilas Gluten-Free","Mountain Dew","Mr Muscle","Mr. Panini","Mrs Chengs","Mummon","Munkkimiehet","Mutti","Muumi","Mybirds","Myllyn Paras","Myllärin","Mynthon","Myrttinen","Mäkitalon Farmi","Möller","Nakd","Nalle","NAN","Naturdiet","Nature Line","Naturel","NATURELINE","Nescafé","Nescafé Kulta","Nesquik","Newgene","Nissin","NIVEA","NIVEA Men","Nocco","Nokian Panimo","Nordic","Nordmel","Nordqvist","Nurmon","Nutella","Nutisal","Nutrilett","Nuts About Nature","Närpiön Vihannes","o.b.","O'Boy","Oatly","Oddlygood","Old El Paso","Old Riga","OLO","Olvi","Olympian","Omo","One","Onni","Oolannin","Oral-B","Oreo","Oululainen","Oululainen Pullava","Oululainen Reissumies","Pakkasmarja","Palmolive","Pampers","Panda","Pansuola","Papu","Parodontax","Pastella","Patak's","Patros","Paula","Paulig","Pauluns","Paw Patrol","Peas of Heaven","Pedigree","Pepsi","Pepsi MAX","Pepsodent","Peroni","Philadelphia","Philips","Pielisen kala","Pilsner Urquell","Piltti","Pingviini","Pirjon Pakari","Pita Factory","Plastex","Pommac","Poppies","Porokylän Leipomo","Posti","Pouttu","Powerade","Preah Vihear","Pregcheck","Président","Presidentti","PrimaCat","Pringles","Profeel","PROFIT","Puffet","Puhdas+","Puhdistamo","Puls","Pågen","Quorn","Raffini","Raikastamo","Rainbow","Rajamäen","Rasilainen","Red Bull","Reformi","Reilun Kaupan","Respons","Rexona","RFSU","Riitan Herkku","Risella","Risifrutti","RISO Pasini","Riso Scotti","Ristorante","Rosso","Royal","RPS Brewing Oy","Rummo","Ruokatori","Rustica","Rönkä","Saarioinen","Saimaan Juomatehdas","Saimaan Tuore","Salakis","Sallinen","Salliselta","Saludo","Salvequick","Sam Mills","Samarin","Sana-sol","Sandels","Santa Maria","Sanytol","Savuhovi","Savupojat","Schär","Seeberger","Semper","SENCE COLLECTION","Sensodyne","Serla","Serto","Sevan","Sheba","Sicilia","Siipiweikot","Sinebrychoff","SINI","Sininen","Siripiri","Sisu","Skyr","Smash","Smiling","Smirnoff Ice","Smurffit","Snellman","Snickers","SoFine","Soignon Sainte Maure","Sol","Solero","Somersby","Soy-King","Spen","Spice Up!","Sportlife Nutrition","Spring","Sprite","St. Dalfour","Starbucks","Start","Stokvis Tapes","Stones","Studio Line","Suklaatila","Sun","Sun-Maid","Sunnuntai","Sunsweet","Suomen Hiiva","Supernuts","Surf","Tabasco","Taffel","Tamminen","Tampax","Tapola","Teho","TENA","Tere","Tervens","The Good Guys","The Gutsy Captain Kombucha","Tolu","Tommies","Torino","TRESemmé","Trip","Tropic","Tropicana","Trube","Tupla","Tupla +","Turun Sinappi","Tuuti","Tv Mix","Twinings","Twix","Töysäläinen","Upcider","Urtekram","Vaasan","Vaasan Street Food","Valio","Valio A+","Valio Aura","Valio Luomu","Valio Oivariini","Valio Oltermanni","Valio Play","Valio Plus","Valio Polar","Valiojogurtti","Valkoliekki","Vanajan","Vanish","Varta","Vataja","Vegem","VegeSun","Velkopopovický Kozel","Veltie","Via","Via Naturale","Villähteen Leipomo","Vim","Viola","Violife","Vire","Virgino","Virtasalmen Viljatuote","Vitabalans","Vitalinea","Vitamin Well","Vitatabs","Vogel","Vuokkoset","Vöner","Waow","WC Kukka","Weetabix","Wellaflex","Western","Wettex","Whiskas","Wicked Kitchen","Wigren","World Of Fingerfood","Wursti","X-tra","Xtra","XZ","Yeo's","YesDeli","Yoodles","Zespri","Zimbo","Åström","Änglamark"],"__typename":"StringFacet"},{"key":"labels","stringValue":["GLUTEN_FREE","LOW_LACTOSE","LACTOSE_FREE","VEGAN","ORGANIC","CONCENTRATION","S_10000000000013"],"__typename":"StringFacet"}],"__typename":"ProductList"},"__typename":"Store"}}}
